3509 5325
746 1415 867 1511 Caput
894 1416 921 1487 Ι.
986 1416 989 1421 ’

552 1615 618 1688 De
647 1613 901 1688 elocutione
928 1612 1114 1709 poetice.

334 1824 538 1890 Herodotum
573 1826 743 1909 poetarum
781 1844 870 1887 more
908 1822 1085 1887 orationem
1122 1843 1213 1887 suam
1249 1842 1419 1887 exornasse

247 1934 369 1997 veteres
392 1932 537 1997 rhetores
562 1931 775 1996 consentiunt.
799 1930 838 1995 of.
861 1930 943 1995 haee
964 1928 1162 1994 testimonia:

338 2034 423 2120 Περὶ
446 2036 554 2115 ὕψους
578 2037 659 2121 13,3
683 2039 785 2122 μόνος
803 2034 984 2120 Ἡρόδοτος
997 2033 1255 2119 Ὁμηρικώτατος
1281 2032 1420 2118 ἐγένετο.

335 2142 549 2232 Hermogenis
572 2141 647 2229 περὶ
667 2145 767 2209 ίδεᾶν
789 2140 878 2207 Π12
902 2165 932 2226 p.
951 2141 1015 2205 421
1037 2140 1178 2226 Spengel
1195 2142 1250 2205 καί
1268 2142 1331 2225 γάρ
1350 2152 1421 2217 ταῖς

247 2250 392 2327 ἐννοίαις
406 2257 565 2334 μυθικοῖς
580 2251 699 2337 σχεδὸν
718 2248 858 2326 άπάσαις
875 2247 930 2314 καὶ
949 2258 988 2334 τῇ
1003 2245 1088 2325 λέξει
1101 2256 1254 2333 ποιητικῇ
1267 2246 1420 2333 κέῇρηται

248 2359 372 2424 διόλου.
1277 2367 1280 2373 ’

335 2463 492 2528 Demetrii
514 2461 590 2550 περὶ
618 2463 790 2549 ἑρμηνείας
815 2461 880 2527 112
913 2464 958 2528 To
986 2458 1023 2527 δὲ
1045 2463 1217 2546 ποιητικὸν
1244 2460 1280 2526 ἐν
1309 2462 1421 2544 λόγοις

248 2570 300 2635 ὅτι
322 2567 384 2654 μὲν
410 2568 670 2655 μεγαλοπρεπές,
702 2568 756 2635 καλ
778 2575 894 2657 τυφλῷ
928 2571 1032 2653 δῇλόν
1060 2578 1158 2653 φασι,
1189 2569 1277 2652 πλὴν
1305 2568 1340 2633 οί
1359 2565 1420 2652 μὲν

248 2685 357 2762 γυμνῇ
385 2677 474 2742 πάνυ
502 2689 645 2763 χρῶνται
673 2685 711 2762 τῇ
739 2681 873 2762 μιμήσει
898 2686 966 2742 τῶν
989 2686 1144 2760 ποιητῶν,
1167 2679 1296 2758 μᾶλλον
1319 2671 1357 2740 ot
1379 2674 1421 2739 οὐ

249 2786 395 2868 μιμήσει,
419 2783 501 2849 ἀλλὰ
524 2783 710 2868 μεταθέσει,
733 2783 885 2866 καθάπερ
904 2781 1092 2866 Ἡρόδοτος.

274 2927 275 2930 ¹
336 2890 536 2959 Baohmffli
563 2891 717 2956 anecdota
741 2912 856 2977 greeoe
878 2889 911 2956 H
925 2890 989 2955 367
1009 2887 1189 2976 Ἡρόδοτος
1216 2890 1279 2974 γὰρ
1304 2890 1420 2972 διφρο-

249 2995 477 3080 φορευμένους
500 2995 587 3081 λέγει
609 3000 688 3075 τοὺς
711 3001 869 3083 φορείους
893 2995 1110 3081 φερομένους,
1132 2995 1187 3061 καὶ
1206 2993 1421 3080 Ἱπποκράτης

249 3102 408 3179 πολλάκις
430 3112 546 3188 χρῇται
569 3105 674 3190 τούτῳ
698 3112 742 3190 τῇ
766 3107 894 3190 τρόπῳ,
922 3102 959 3179 ὃς
981 3103 1110 3190 ἀκράτῳ
1134 3110 1172 3187 τῇ
1192 3099 1273 3166 Ἰάδι
1296 3109 1421 3186 χρῇται.

249 3207 267 3273 ὁ
290 3209 354 3292 γάρ
372 3205 553 3292 Ἡρόδοτος
576 3213 753 3294 συμμίσγει
776 3211 879 3292 αὐτην
902 3219 942 3295 τῇ
964 3218 1126 3293 ποιητικῇ.

336 3315 546 3401 Propositum
569 3319 670 3404 igitur
691 3318 784 3383 nobis
808 3320 857 3383 est
886 3320 923 3381 ut
947 3337 1142 3402 quaeramus
1163 3337 1242 3381 num
1264 3311 1423 3378 Herodoti

249 3423 346 3488 diotio
370 3424 497 3507 poetice
521 3445 724 3509 quocumque
747 3424 843 3488 modo
868 3446 941 3489 oum
965 3424 1182 3508 sophistarum
1212 3422 1315 3505 possit
1338 3441 1422 3485 oom-

248 3531 362 3614 pereri.
409 3528 532 3607 Quodsi
555 3531 738 3614 quaerimus
767 3552 848 3613 quse
876 3529 942 3594 sint
968 3529 1109 3614 insignia
1135 3528 1223 3593 iilius
1253 3531 1421 3611 poetarum

249 3658 345 3721 quem
369 3639 533 3702 oratorum
557 3637 722 3702 similioris
746 3637 914 3720 orationis,
937 3635 977 3699 ab
1002 3635 1046 3700 eis
1070 3657 1151 3718 quae
1173 3634 1365 3699 Aristoteles
1388 3635 1422 3697 in

249 3742 326 3806 artis
349 3743 495 3827 poetieee
520 3764 609 3827 oepp.
631 3743 672 3807 19
684 3765 752 3828 sqq.
776 3742 814 3806 do
832 3745 1001 3826 poetarum
1020 3740 1200 3805 elocutione
1224 3741 1311 3825 dicit,
1328 3740 1422 3806 nobis

249 3849 518 3933 profioisoendum
550 3854 606 3914 est.
654 3848 724 3926 Quo
761 3849 832 3914 loeo
870 3849 1010 3934 primum
1049 3845 1131 3934 (esp.
1153 3844 1211 3934 20)
1248 3845 1328 3933 μέρη
1366 3856 1423 3932 τῇς

249 3953 375 4040 ᾶπάσης
398 3954 523 4036 λέξεως,
547 3956 659 4020 deinde
684 3953 764 4042 (esp.
784 3953 841 4042 21)
866 3954 994 4041 singula
1011 3955 1182 4020 verborum
1205 3975 1322 4039 genera
1340 3958 1423 4020 treo-

248 4064 359 4127 tantur
391 4066 423 4127 et
454 4062 579 4127 duobus
611 4063 716 4128 modis
749 4063 999 4148 distinguuntur.
1045 4060 1093 4127 Ao
1123 4061 1264 4145 primum
1292 4060 1423 4145 quidem

249 4167 294 4254 (p.
315 4166 430 4233 14572
456 4167 515 4255 31)
548 4169 656 4234 omnia
687 4174 781 4234 verbe
818 4173 893 4232 sunt
929 4171 986 4233 eut
1017 4167 1104 4233 ἁπλᾶ
1141 4177 1196 4232 aut
1233 4169 1333 4232 διπλᾶ
1366 4172 1423 4233 out

248 4280 367 4356 τριπλᾶ
387 4296 412 4339 e.
428 4298 457 4359 q.
473 4297 496 4339 s.
542 4276 643 4340 Porro
664 4272 707 4361 (p.
726 4274 841 4339 14571)
858 4272 893 4361 l)
917 4276 1005 4341 ἅπαν
1029 4274 1134 4359 ὄνομά
1157 4273 1247 4340 ἐστιν
1266 4274 1286 4358 ἢ
1305 4275 1423 4359 κύριον

250 4379 270 4463 ἢ
294 4384 422 4463 γλῶττα
440 4381 460 4465 ἢ
480 4384 650 4468 μεταφορὰ
667 4381 688 4465 ἢ
707 4384 830 4466 κόσμος
848 4381 868 4464 ii
888 4378 1111 4464 πεποιημένον
1129 4380 1149 4464 ἢ
1169 4379 1423 4464 ἐπεκτεταμίνον

248 4484 269 4570 i}
291 4485 509 4573 ὑφῃρημένον
532 4488 552 4572 ἢ
577 4485 825 4572 ἐξηλλαγμένον.
872 4486 960 4565 Quae
982 4487 1141 4553 voeabula
1162 4485 1354 4558 Aristoteles
1377 4487 1422 4560 di=

248 4596 332 4660 sorte
355 4592 582 4681 interpretetus
605 4598 654 4662 est
678 4599 811 4684 excepte
833 4615 913 4666 vooe
936 4598 1066 4683 κόσμος.
