3509 5325
726 461 949 529 „63-

253 621 316 688 dici
338 626 447 708 potest
469 622 508 689 de
531 625 776 708 paronomasiis‚
807 624 924 708 quibus
948 625 1050 687 multo
1077 619 1204 707 parcius
1229 646 1324 707 quam
1348 622 1425 689 Gor-

253 732 321 816 gias
351 752 428 795 usus
458 734 515 795 est.
560 730 674 815 Neque
703 753 870 815 umquam,
899 734 937 795 ut
964 751 1059 795 voces
1090 730 1237 795 similiter
1266 735 1425 817 sonarent,

253 838 410 904 vocabule
440 859 674 921 supervacaneo
701 838 839 903 orationi
866 859 941 902 suae
970 837 1112 901 inseruit.
1158 836 1427 902 Homoeoteleuta

254 947 360 1008 eutem
393 948 425 1009 et
451 945 639 1028 parecheses
666 949 733 1009 tam
762 966 834 1008 raro
863 944 897 1007 in
925 945 993 1008 cius
1019 944 1110 1009 libris
1138 944 1358 1029 inveniuntur,
1389 948 1426 1009 ut

254 1073 272 1114 a
304 1047 423 1136 Gorgia
455 1074 529 1115 eum
565 1052 636 1115 illas
667 1053 787 1136 figuras
824 1049 973 1116 didicisse
1004 1050 1137 1114 minime
1173 1051 1216 1115 sit
1250 1050 1425 1134 probabile.

253 1156 281 1221 Ε
305 1158 481 1243 figurarum
504 1157 604 1243 igitur
627 1158 712 1241 apud
735 1156 935 1222 Herodotum
958 1178 1019 1222 usu
1042 1178 1108 1221 uon
1130 1156 1227 1221 modo
1250 1179 1316 1221 non
1339 1158 1427 1223 colli-

255 1264 394 1349 gendum
424 1269 473 1329 est
502 1287 575 1328 eum
604 1263 756 1350 Gorgiam
785 1265 946 1329 imitatum
976 1285 1057 1347 esse,
1086 1286 1197 1328 verum
1227 1262 1427 1329 0110101101-

254 1372 339 1457 giam
363 1369 435 1435 illes
458 1372 578 1457 figuras
601 1393 667 1436 non
690 1372 795 1455 ipsum
823 1372 992 1454 formasse,
1020 1370 1075 1434 sed
1104 1391 1306 1435 communem
1329 1371 1426 1454 scrip-

254 1480 361 1541 torum
385 1478 647 1542 consuetudinem
670 1478 767 1541 iniis
791 1482 936 1543 secutum
959 1499 1036 1542 esse.

342 1583 390 1649 Ut
412 1585 632 1667 quaestionem
655 1607 734 1649 num
757 1584 975 1669 sophistarum
999 1584 1143 1649 doctriua
1165 1583 1206 1647 ad
1226 1582 1426 1648 Herodotum

254 1693 457 1777 pertinuerit,
484 1692 692 1778 prodigamus
716 1696 748 1756 et
771 1693 964 1756 adducamus
992 1691 1032 1755 ed
1059 1691 1194 1774 exitum,
1223 1691 1303 1755 duae
1330 1692 1426 1755 etiam

253 1821 304 1863 res
331 1798 515 1864 tractandae
543 1803 673 1863 restant.
723 1797 772 1864 Ac
803 1798 945 1889 primum
974 1797 1103 1880 quidem
1135 1798 1350 1881 quaerendum
1379 1800 1427 1862 est

255 1904 481 1971 Herodotusnc
517 1906 551 1970 iu
589 1906 788 1970 orationibus
826 1906 892 1970 suis
929 1903 1135 1969 conficiendis
1169 1905 1335 1968 rhetorum
1372 1905 1427 1968 ob-

255 2013 479 2095 temperaverit
508 2014 701 2097 praeceptis,
735 2011 822 2095 quod
852 2010 985 2075 difficile
1013 2014 1062 2075 est
1090 2011 1130 2074 ad
1160 2011 1428 2096 cognoscendum,

257 2118 415 2201 siquidem
447 2118 608 2183 rhetorica
639 2118 727 2182 illius
759 2112 914 2201 temporis
937 2117 1107 2201 disciplina
1140 2118 1271 2183 omnino
1299 2118 1366 2181 fere
1394 2118 1428 2182 in

257 2225 395 2289 tenebris
428 2226 519 2290 iacet.
574 2225 697 2289 Deinde
728 2225 790 2289 viri
822 2224 909 2288 docti
921 2223 947 2311 ¹)
983 2224 1088 2289 studia
1120 2224 1347 2307 doctrinasque
1379 2246 1428 2288 so-

256 2330 435 2415 phistarum
472 2330 674 2397 Herodotum
715 2331 877 2396 interdum
914 2334 1060 2396 secutum
1101 2352 1170 2395 esse
1211 2331 1428 2395 demonstrare

256 2439 363 2503 conati
396 2442 486 2523 sunt,
522 2438 578 2503 sed
608 2460 720 2504 vereor
751 2460 791 2502 ne
829 2460 940 2503 omnes
976 2439 1101 2502 litteras
1134 2438 1174 2501 ad
1209 2437 1428 2522 sophistarum

256 2546 437 2610 doctrinam
464 2549 650 2611 revocantes
678 2545 784 2610 studia
812 2544 901 2609 illius
928 2545 1043 2610 aetatis
1071 2545 1169 2609 nimis
1196 2546 1341 2630 angustis
1369 2545 1428 2608 cir-

257 2653 517 2737 cumscripserint
540 2652 698 2718 cancellis
732 2651 853 2718 Verum
875 2652 936 2718 hae
959 2652 1163 2736 quaestiones
1183 2652 1216 2716 iu
1239 2652 1326 2716 aliud
1349 2655 1427 2716 tem-

258 2782 318 2844 pus
342 2764 418 2825 sunt
441 2761 641 2826 differendae.

347 2991 372 3060 1)
391 2989 475 3044 Maass
493 2989 523 3042 iu
541 2988 661 3044 Hermae
680 2987 732 3042 vol.
747 2987 830 3055 XXII,
852 2993 930 3055 1887,
948 2992 1123 3057 p.581sqq.;
1141 2987 1171 3040 F.
1186 2987 1337 3052 Dsrmmler,
1352 2987 1428 3040 Aka-

258 3078 370 3133 demika
391 3084 459 3132 1889
482 3098 508 3149 p.
521 3083 572 3132 247
583 3095 656 3147 sqq.;
685 3078 719 3131 cf.
744 3076 915 3144 1180110011,
939 3077 991 3130 Die
1009 3077 1140 3146 Anfange
1163 3076 1240 3131 einer
1261 3075 1340 3144 polit.
1360 3075 1426 3129 Litt.

257 3167 303 3222 bei
322 3168 347 3221 d.
364 3167 509 3236 ulmechon,
528 3167 661 3224 Festrede
676 3172 745 3221 1890
762 3185 790 3236 p.
802 3172 834 3220 11
845 3183 920 3235 sqq.;
938 3165 969 3218 E.
980 3165 1084 3234 Meyer,
1103 3164 1213 3219 Forsch.
1229 3183 1251 3217 a.
1267 3163 1315 3218 alt.
1329 3162 1427 3217 Gesoh.

257 3256 278 3324 I,
297 3262 375 3325 1892,
393 3276 420 3326 p.
432 3263 491 3311 202.
