3509 5325
792 434 1013 497 „42-

314 591 378 658 κτὲ.
397 592 460 657 VH
479 591 531 678 35,
550 593 579 658 6.
622 595 659 659 cf.
675 592 890 680 Hermogenis
912 591 989 678 περὶ
1008 595 1109 659 ἰδεῶν
1130 593 1199 659 LH
1216 617 1246 679 p.
1262 592 1488 679 317j18wan.

314 698 359 764 At
386 698 587 766 Herodotum
615 723 681 765 non
708 701 849 785 primum
879 722 967 765 mare
997 700 1094 765 deum
1124 701 1323 766 existimasse
1352 724 1391 766 ex
1421 701 1491 787 ipsa

315 806 372 871 illa
394 806 576 872 narratione
599 808 807 893 intellegitur.

403 908 441 978 εὖ
463 938 527 979 νυν
551 912 620 980 τόδ’
643 914 848 997 ἐξεπίστασο,
877 914 923 991 ὡς
946 913 983 980 έν
1008 927 1094 981 τοῖσι
1122 912 1183 979 ὠσὶ
1211 926 1279 979 τῶν
1301 914 1490 999 ἀνθρώπων

314 1018 415 1085 οἰκέει
443 1021 461 1085 ὁ
488 1024 598 1105 θυμός
620 1018 684 1085 VH
703 1020 754 1105 39,
774 1020 803 1085 6.
849 1020 993 1085 Verbum
1023 1020 1144 1087 οἰκέειν
1174 1023 1261 1105 apud
1288 1019 1491 1086 Herodotum

303 1126 401 1191 ¹haud
423 1148 496 1191 raro
520 1127 605 1192 idem
628 1126 715 1192 valet
738 1130 834 1211 atque
857 1128 1001 1213 positum
1026 1150 1094 1193 esse
1117 1131 1173 1192 aut
1195 1128 1299 1192 inesse
1325 1128 1359 1192 in
1381 1128 1492 1210 aliqua

315 1256 357 1297 re.
405 1233 443 1298 cf.
464 1228 561 1311 οὗτος
584 1234 601 1300 ὁ
625 1234 727 1318 νομὸς
752 1232 788 1299 έν
814 1237 905 1323 νήσφ
934 1234 1033 1299 οἰκέει
1060 1234 1175 1299 ἀντίον
1199 1234 1406 1318 Βουβάστιος
1432 1238 1490 1299 πό-

315 1344 385 1417 λιος
408 1323 574 1425 Π166,4
597 1344 630 1405 et
653 1344 725 1406 τότε
750 1338 867 1406 ἑκατὸν
890 1345 1008 1418 πόλιας
1031 1343 1161 1424 οίκήσαι
1186 1338 1262 1426 περὶ
1285 1341 1345 1423 τήν
1373 1342 1491 1427 Terror

315 1448 394 1512 νίδα
417 1451 538 1531 λίμνην
556 1444 752 1530 Ἑλληνίδας
775 1456 885 1512 πᾶσαν
911 1442 996 1513 εἶναι
1024 1447 1172 1531 ἀνάγκην
1194 1446 1335 1531 Ν179,
1356 1447 1405 1512 18.
1452 1448 1490 1511 cf.

315 1554 412 1618 etiam
437 1550 607 1637 Sophoclis
632 1550 707 1617 Oed.
727 1553 765 1617 R.
782 1552 876 1618 1390.

403 1668 441 1743 τή
462 1657 595 1724 Ἑλλάδι
618 1662 715 1743 πενίη
739 1655 800 1743 μὲν
823 1662 892 1724 αἰεί
912 1682 987 1725 κοτε
1010 1661 1198 1745 σύντροφος
1221 1658 1304 1742 ἐστί,
1332 1658 1430 1743 ἀρετή
1454 1655 1491 1723 δὲ

317 1769 454 1841 ἔπακτος
477 1764 562 1848 ἐστί,
585 1764 650 1831 άπί
673 1789 708 1830 τε
732 1768 851 1850 σοφίης
874 1764 1118 1853 κατεργασμένη
1142 1764 1196 1831 καί
1219 1768 1327 1849 νόμου
1351 1767 1491 1850 ἰσχυροῦ

314 1870 378 1936 VH
398 1872 475 1956 102,
494 1872 524 1935 4.
571 1873 757 1957 σύντροφος
789 1873 946 1937 translata
976 1874 1108 1937 notione
1140 1874 1218 1937 satis
1250 1876 1300 1937 est
1327 1872 1489 1936 usitatum.

316 1980 355 2044 cf.
375 1977 584 2062 Hippocratis
609 1978 888 2063 p.307,18F0es
916 1989 1038 2056 νοῦσος
1065 1979 1102 2044 ἐκ
1128 1980 1265 2045 παιδίου
1293 1980 1490 2062 σύντροφος,

315 2085 512 2169 Thucydidis
537 2084 570 2149 Π
595 2084 652 2169 503
682 2084 827 2150 aaronis
855 2066 955 2169 pom
971 2109 1001 2170 p.
1020 2086 1084 2150 νοτ
1100 2084 1142 2170 u,
1174 2086 1239 2150 aaa
1253 2085 1295 2171 Β,
1324 2085 1407 2171 legg.
1428 2082 1491 2148 uu

314 2216 344 2277 p.
360 2190 474 2276 94903
502 2191 631 2276 Polybii
648 2190 697 2256 IV
716 2191 768 2278 20,
784 2192 812 2256 7.
857 2190 967 2276 Atque
995 2193 1128 2257 verbum
1155 2192 1411 2276 κατεργάζεσθαι
1437 2191 1491 2255 vix

316 2299 356 2362 ad
383 2299 529 2363 homines
557 2302 665 2384 potest
693 2303 851 2385 spectare,
880 2321 944 2383 qua
969 2321 1004 2364 re
1033 2300 1221 2383 scriptorem
1249 2299 1320 2364 illas
1343 2299 1490 2363 notiones

315 2405 456 2471 humana
479 2407 584 2489 specie
608 2427 761 2471 exornare
784 2406 917 2471 minime
940 2407 1079 2472 voluisse
1103 2409 1245 2490 apparet.

405 2512 449 2588 ὡς
485 2514 597 2596 ήκοιεν
631 2510 801 2596 Ἀθηναῖοι
839 2511 914 2598 περὶ
948 2511 1092 2590 ἑωυτοὺς
1126 2516 1255 2597 ἔχοντες
1292 2513 1354 2577 δύο
1389 2514 1492 2589 θεοὺς

317 2620 491 2704 μεγάλους,
509 2620 617 2685 πειθώ
636 2644 670 2685 τε
689 2618 744 2684 καί
764 2620 947 2703 ἀναγκαίην
966 2618 1176 2705 Vffl111,7.
1222 2618 1310 2697 Quae
1332 2620 1491 2704 notiones,

317 2749 397 2811 quas
421 2727 490 2810 ipse
513 2727 747 2793 Themistocles
767 2727 840 2792 deas
859 2729 1015 2810 nominat,
1037 2728 1101 2790 iam
1120 2726 1154 2791 in
1173 2727 1273 2812 epicis
1296 2718 1491 2794 carminibus

318 2835 447 2898 dearum
467 2838 573 2917 partes
593 2837 702 2918 agunt.
736 2835 774 2898 cf.
789 2833 826 2899 H.
842 2838 869 2897 Z
885 2833 927 2898 85
942 2833 1103 2917 ἀναγκαίη
1122 2835 1185 2918 γὰρ
1206 2833 1337 2915 ἐπείγει,
1356 2832 1491 2898 Hesiodi

317 2941 424 3026 theog.
440 2939 505 3004 349
521 2943 648 3025 Πειθώ,
665 2962 715 3025 op.
732 2940 774 3004 73
793 2944 911 3007 πότνια
926 2941 1052 3006 Πειθώ.
1084 2939 1199 3005 Andrii
1213 2940 1248 3004 in
1261 2940 1372 3005 eodem
1387 2943 1491 3025 capite

316 3047 473 3114 imitando
488 3070 546 3131 per
558 3048 730 3114 ridiculum
745 3049 905 3132 effingunt
920 3047 994 3112 deas
1008 3052 1126 3131 πενίην
1140 3045 1194 3112 καὶ
1208 3046 1394 3132 ἀμηχανίην
1408 3045 1490 3135 (14).

406 3157 494 3220 ἰοῦσι
520 3153 559 3220 δέ
580 3172 640 3239 σφι
664 3159 756 3239 φήμη
780 3177 813 3218 τε
835 3153 991 3220 ἐσέπτατο
1011 3154 1044 3230 ἐς
1063 3156 1099 3219 τὸ
1119 3155 1344 3237 στρατόπεδον
1361 3164 1428 3219 πᾶν
1447 3191 1490 3201 —·

316 3261 336 3341 ἡ
367 3257 405 3326 δὲ
431 3264 522 3345 φήμη
552 3259 673 3344 διήλθέ
700 3278 760 3345 σφι
789 3297 834 3306 -
865 3262 958 3344 φήμη
991 3273 1077 3326 τοῖσι
1101 3259 1238 3344 Ἕλλησι
1270 3271 1356 3326 τοῖσι
1387 3261 1491 3346 ταύτη

316 3366 489 3434 ἐσαπίκετο
512 3367 559 3432 IX
576 3367 648 3450 190,
658 3367 687 3431 9.
715 3367 735 3450 ἡ
759 3368 851 3450 φήμη
881 3365 1057 3450 συνέβαινε
1086 3367 1233 3432 ἐλθοῦσα
1258 3403 1300 3414 -
1322 3365 1402 3452 πρὶν
1430 3370 1491 3452 τήν

316 3475 431 3556 φήμην
455 3471 669 3538 ἐσαπικέσθαι
696 3510 734 3518 -
760 3473 804 3549 ὡς
824 3471 937 3556 μέντοι
960 3473 980 3556 ή
1001 3474 1135 3556 κληδὼν
1154 3472 1236 3556 αὕτη
1256 3489 1316 3555 σφι
1335 3471 1490 3539 ἐσέπτατο

316 3578 364 3644 IX
380 3579 452 3662 101,
464 3579 492 3642 7.
526 3578 628 3656 Quam
643 3580 886 3645 translationem
900 3580 935 3644 in
950 3581 1114 3645 communi
1129 3577 1324 3645 Graecorum
1337 3580 1491 3664 loquendi

317 3709 405 3751 more
428 3687 527 3751 fuisse
546 3686 643 3750 verba
661 3685 819 3752 Herodoti
838 3689 922 3754 clare
941 3687 1171 3770 demonstrant,
1189 3687 1246 3770 qui
1264 3687 1374 3751 eadem
1393 3687 1492 3751 verba

227 3801 231 3808 ’
316 3794 452 3859 iteravit.
498 3791 534 3856 H.
555 3815 585 3878 g.
610 3793 648 3858 cf.
673 3793 770 3857 etiam
793 3794 958 3878 Euripidis
981 3792 1076 3858 Herc.
1095 3791 1155 3856 fur.
1172 3792 1271 3876 1166,
1300 3793 1396 3859 Rhes.
1416 3793 1490 3858 656.

406 3899 591 3964 Herodotus
615 3899 715 3986 igitur
739 3905 794 3964 aut
818 3902 856 3964 de
880 3900 963 3964 veris
987 3897 1180 3965 Graecorum
1203 3900 1271 3964 deis
1295 3901 1392 3965 verba
1413 3901 1491 3965 feeit

261 4062 263 4066 ,
317 4010 372 4071 aut
395 4007 560 4072 vocabulis
583 4006 617 4070 in
640 4006 801 4073 cotidiana
819 4028 948 4091 quoque
966 4005 1123 4072 sermonis
1142 4008 1370 4072 consuetudine
1388 4011 1491 4073 trans·

314 4114 389 4178 latis
416 4135 494 4178 usus
522 4117 570 4178 est
601 4136 705 4197 neque
732 4137 887 4198 umquam
915 4113 956 4178 ad
983 4113 1196 4179 exornandam
1224 4114 1403 4179 orationem
1433 4136 1492 4179 sua
1600 4177 1605 4180 .

317 4219 430 4304 sponte
459 4223 491 4284 et
517 4221 683 4285 voluntate
710 4221 867 4285 inanimes
895 4242 945 4284 res
972 4223 1087 4284 natura
1113 4219 1219 4284 induit
1250 4219 1398 4284 humana.
1444 4218 1490 4284 A't

316 4327 352 4392 hi
374 4331 497 4392 restant
518 4327 592 4411 loci,
615 4327 731 4410 quibus
754 4327 840 4392 illius
869 4327 994 4412 generis
1022 4326 1190 4391 translatio
1217 4327 1322 4390 inesse
1350 4326 1489 4392 videtur:

407 4435 486 4517 μετά
511 4431 547 4498 δέ
566 4444 667 4499 ταῦτα
685 4433 705 4516 ή
725 4437 889 4517 ναυμαχίη
908 4432 1123 4516 ὑπολαβοῦσα
1146 4431 1179 4509 ές
1201 4435 1285 4515 γόνυ
1307 4434 1368 4516 τήν
1391 4436 1490 4498 πόλιν

318 4543 413 4626 ἔβαλε
437 4538 485 4604 Vl
498 4539 611 4624 27,10.
658 4540 914 4604 Translationem
938 4540 977 4603 ab
1002 4538 1194 4604 athletarum
1221 4537 1333 4625 lingua
1356 4540 1490 4624 petitam
