3509 5325
796 426 1017 491 ..5g..

411 587 609 673 Quffiuscum
641 589 754 674 figuris
787 586 932 653 conferas
963 585 1062 651 velim
1093 587 1173 652 haec
1203 586 1369 651 enuntiata
1395 584 1494 651 Herc·

321 698 428 761 dotea:
1395 694 1401 706 ’

410 802 495 886 dod
522 804 600 888 φύει
628 802 724 888 κέρεα
751 802 790 867 τὰ
819 804 938 885 κτήνεα
966 800 1071 886 ἀρχὴν
1094 800 1114 884 ἦ
1137 801 1267 885 φύοντα
1295 800 1373 884 φύει
1400 803 1495 885 μόγις

321 909 370 976 IV
383 910 475 994 29,’ί.

410 1017 490 1081 κατὰ
527 1012 564 1081 δέ
600 1018 659 1082 τὸν
693 1017 872 1099 γινόμενόν
905 1031 965 1098 σφι
997 1011 1051 1079 καὶ
1088 1013 1333 1098 ἀπογινόμενον
1364 1022 1493 1079 ποιεῦσι

321 1124 446 1190 τοιάδε·
470 1124 529 1189 τὸν
551 1119 613 1207 μέν
635 1125 818 1207 γενόμενον
837 1123 966 1187 ..τὸν
990 1117 1020 1185 δ’
1048 1120 1295 1205 ἀπογενόμενον
1317 1119 1349 1185 V
1362 1119 1394 1205 4,
1402 1121 1432 1185 4.

410 1232 554 1307 πολλοὺς
585 1226 646 1315 μέν
678 1231 875 1313 Κορινθίων
908 1227 1038 1311 ἐδίωξε,
1073 1229 1218 1305 πολλοὺς
1250 1224 1288 1292 δέ
1320 1228 1494 1313 χρημάτων

322 1336 531 1421 ἀπεστέρησε,
553 1340 665 1424 πολλῷ
689 1333 729 1402 δέ
749 1359 780 1401 τι
803 1339 976 1413 πλείστους
999 1342 1055 1418 τῆς
1078 1343 1185 1419 ψυχῆς
1207 1333 1239 1399 V
1253 1334 1296 1398 92
1315 1334 1393 1399 212.

411 1443 447 1508 οί
467 1440 503 1509 δέ
528 1446 707 1529 Κορίνθιοι
731 1481 774 1491 -
793 1437 1002 1527 Ἀθηναίοισι
1025 1442 1157 1507 διδοῦσι
1181 1438 1369 1525 δεομένοισι
1391 1446 1495 1507 εἴκοσι

322 1548 413 1633 νέας,
441 1548 573 1615 διδοῦσι
601 1546 638 1616 δέ
665 1550 936 1635 πενταδράχμους
964 1548 1178 1633 ἀποδόμενοι·
1211 1549 1341 1633 δωρεὴν
1367 1550 1431 1632 γὰρ
1460 1547 1496 1613 ἐν

322 1664 367 1744 τῷ
391 1660 482 1745 νόμῳ
506 1656 567 1723 οὐκ
590 1655 666 1740 ἐξῆν
690 1658 808 1722 δοῦναι
831 1654 880 1721 VI
895 1656 946 1741 89,
957 1656 986 1720 6.

412 1763 449 1829 ἐν
476 1772 515 1849 τῇ
545 1765 606 1830 δύο
634 1760 695 1849 μέν
723 1762 787 1829 είσλ
815 1764 851 1830 οί
871 1762 1072 1847 ἀδικέοντες,
1100 1754 1146 1840 εἷς
1175 1758 1212 1828 δέ
1234 1762 1253 1829 ὁ
1277 1761 1496 1845 ἀδικεόμενος.

323 1866 425 1953 ὃμὲν
452 1870 515 1955 γάρ
544 1870 733 1955 διαβάλλων
761 1868 886 1936 ἀδικέει
914 1869 955 1935 ού
983 1873 1138 1954 παρεόντι
1165 1871 1389 1953 κατηγορέων,
1417 1867 1435 1933 ὃ
1459 1864 1497 1933 δὲ

325 1976 449 2041 ἀδικέει
472 1975 735 2062 ἀναπειθόμενος
758 1975 821 2043 κτέ.
844 1974 909 2043 VH
924 1977 966 2041 10
984 1975 1044 2059 η’λ.

413 2085 455 2148 σύ
474 2080 504 2149 δ’
527 2082 595 2149 ἐπεὶ
615 2083 803 2168 ἠνάγκασας
822 2081 930 2168 λέγειν
944 2095 1011 2149 τῶν
1026 2086 1135 2165 λόγων
1149 2085 1227 2159 τοὺς
1241 2081 1495 2168 ἀληθεστάτους,

324 2191 440 2274 έλεγον
463 2191 503 2255 τά
526 2194 709 2277 κατήκοντα
732 2192 960 2277 Σπαρτιητησι
983 2188 1177 2272 VH104‚3.

325 2350 328 2356 .
413 2294 465 2362 ἐπὶ
489 2299 630 2382 χρήμασι
654 2299 771 2363 άδικον
794 2298 892 2381 δίκην
915 2295 1046 2362 ἐδίκασε
1069 2294 1134 2360 VH
1149 2295 1222 2380 194,
1232 2296 1261 2361 9.

414 2406 455 2469 σὺ
480 2399 527 2468 ὧν
550 2402 634 2488 ἐμοί,
651 2403 707 2469 καὶ
725 2404 788 2490 γάρ
807 2401 883 2491 περὶ
902 2411 959 2487 τῆς
976 2407 1159 2488 ναυμαχίης
1178 2398 1215 2467 εὖ
1234 2404 1498 2488 συνεβούλευσας

325 2518 383 2593 τῆς
406 2509 585 2594 γενομένης
607 2510 669 2576 οὐκ
692 2510 778 2576 ἐῶσα
801 2508 986 2594 ποιέεσθαι,
1008 2520 1073 2576 ’νῦν
1096 2532 1130 2575 τε
1154 2510 1407 2593 συμβούλευσον
1425 2510 1498 2576 oue

324 2640 402 2704 τερα
425 2614 547 2682 ποιέων
567 2616 707 2702 έπιτύχω
727 2612 765 2683 εὖ
784 2617 1053 2703 βουλευσάμενος
1070 2615 1150 2682 VHI
1166 2617 1301 2702 101,17.

415 2723 502 2800 Quae
521 2707 691 2788 ¹enuntiata
715 2747 787 2790 cum
813 2723 960 2811 Gorgieis
983 2725 1096 2810 figuris
1119 2723 1171 2788 vol
1194 2724 1235 2789 ob
1259 2745 1330 2788 eam
1352 2746 1421 2789 rem
1444 2723 1498 2788 vix

325 2834 462 2913 possunt
485 2831 632 2915 conferri,
655 2831 741 2914 quod
764 2832 921 2897 vocabula
945 2853 1025 2917 quae
1049 2831 1198 2896 similiter
1221 2835 1352 2915 sonant,
1375 2853 1499 2916 semper

326 2938 391 3002 fere
413 2938 546 3003 vocibus
570 2939 769 3022 interpositis
797 2941 882 3005 inter
909 2961 943 3004 se
973 2939 1102 3003 distant.
1149 2936 1274 3014 Quare
1297 2937 1497 3004 Herodotum

325 3066 391 3109 non
414 3045 510 3110 modo
533 3067 600 3110 non
622 3047 747 3110 ratione
771 3050 802 3110 et
825 3046 982 3132 singulari
1004 3045 1142 3128 quadam
1170 3049 1237 3109 arte
1261 3045 1382 3110 similes
1405 3066 1498 3110 voces

326 3152 554 3236 composuisse,
577 3153 631 3217 sed
654 3153 751 3217 etiam
776 3153 904 3218 inscitia
926 3152 1064 3236 quadam
1087 3155 1120 3216 ot
1138 3152 1300 3236 imperitia
1318 3153 1416 3218 verba
1433 3174 1499 3218 non

326 3258 465 3324 variasse
488 3260 693 3344 perspicuum
717 3258 798 3324 mihi
825 3259 960 3324 videtur.
1007 3257 1126 3325 Contra
1150 3256 1285 3346 Gorgias
1313 3260 1399 3325 haud
1426 3281 1498 3326 raro

326 3364 496 3430 verborum
525 3366 683 3450 ordinem,
710 3371 747 3432 ut
774 3367 895 3431 similes
922 3388 1018 3432 voces
1041 3366 1132 3431 iuxta
1160 3370 1346 3452 componat,
1373 3388 1500 3432 summa

327 3472 459 3537 audacia
477 3472 621 3558 invertit,
641 3474 679 3538 cf.
695 3474 768 3539 ὅσοι
783 3470 820 3538 δέ
835 3474 935 3550 ὅσους
951 3472 1027 3559 περὶ
1041 3474 1131 3539 ὅσων
1145 3471 1200 3540 καί
1214 3477 1348 3539 ἔπεισαν
1367 3474 1437 3540 Hel.
1448 3475 1498 3540 11.

273 3577 282 3596 “
327 3581 404 3656 τοὺς
427 3575 464 3644 δέ
486 3581 636 3659 πρώτους
658 3591 725 3645 τῶν
747 3582 888 3659 πρώτων
904 3578 1068 3666 Ἕλληνας
1087 3579 1256 3664 Ἑλλήνων
1278 3580 1344 3646 Pat
1359 3582 1411 3646 37.
1445 3579 1498 3669 (cf.

326 3684 473 3771 Norden,
500 3685 702 3770 Kunstprosa
724 3682 821 3772 165.)
869 3683 945 3751 Sola
972 3686 1069 3752 verba
1096 3689 1214 3752 άδικον
1241 3688 1339 3772 δίκην
1369 3687 1498 3754 ἐδίκασε

327 3815 369 3856 an
401 3791 537 3879 Gorgiae
569 3795 755 3858 memoriam
789 3793 924 3859 afferant
956 3794 1076 3858 dubito.
1123 3793 1187 3871 Sed
1223 3795 1319 3878 δίκην
1356 3795 1499 3873 δικάζειν

328 3899 413 3983 apud
436 3922 546 3964 omnes
566 3898 758 3965 Graecorum
782 3901 954 3986 scriptores
972 3904 1147 3987 pervagata
1164 3906 1239 3967 sunt
1257 3906 1289 3966 et
1307 3901 1499 3967 adiectivum

328 4007 445 4072 ἀδικον
469 4009 627 4071 sententia
649 4007 844 4093 postulabat,
867 4031 965 4092 quam
988 4009 1030 4072 ob
1053 4029 1181 4074 causam
1209 4030 1251 4072 ne
1277 4007 1312 4072 in
1339 4008 1404 4072 iliis
1432 4006 1499 4092 qui-

329 4113 400 4177 dem
423 4113 529 4178 verbis
552 4114 646 4179 nobis
670 4119 718 4179 est
741 4115 973 4180 offendendum.
1019 4113 1154 4181 Accedit
1178 4115 1263 4180 enim

418 4218 453 4305 3)
477 4220 563 4303 quod
587 4218 721 4306 Gorgias
744 4226 781 4287 ut
801 4222 842 4286 ad
863 4224 1004 4307 reliquas
1027 4224 1073 4287 ita
1095 4223 1136 4288 ad
1158 4223 1242 4288 hanc
1264 4223 1402 4308 figuram
1425 4221 1500 4288 scri-

329 4326 465 4391 bendam
488 4325 574 4390 haud
596 4349 668 4391 raro
691 4329 790 4393 verba
812 4329 929 4395 adiecit
951 4331 1046 4414 plano
1069 4350 1311 4414 supervacanea,
1333 4328 1447 4393 veluti:

418 4432 584 4518 βάρβαρος
608 4434 655 4497 in:
679 4434 768 4512 άξιος
791 4430 853 4500 οὖν
876 4435 895 4501 ὁ
918 4432 979 4520 μὲν
1002 4435 1209 4521 ἐπιχειρήσας
1230 4437 1398 4521 βάρβαρος
1420 4435 1500 4519 βάρ-

329 4543 433 4625 βαρον
458 4538 649 4628 ἐπιχείρημα
671 4539 741 4604 Hel.
763 4541 791 4606 λ.
