3509 5325
822 432 1043 495 -26-

345 591 402 657 bas
425 589 476 657 ἐπὶ
495 598 539 678 τῷ
564 603 685 674 φυγεῖν
702 591 945 657 transformavit
962 589 1056 656 Plato
1077 591 1112 655 in
1130 590 1378 675 appellationem
1397 592 1519 674 φυγήν,

345 702 441 781 atque
463 720 582 765 nomen
604 699 706 779 πτερά
729 698 848 762 eximia
870 697 1002 763 audacia
1025 698 1058 760 in
1082 698 1277 763 adiectivum
1299 700 1434 782 πτηνόν.

434 805 543 871 Etiam
568 807 672 892 magis
696 804 915 891 grammaticis
938 805 1116 869 rationibus
1143 805 1228 869 inter
1254 826 1288 868 se
1315 803 1520 869 commutatis

344 934 463 978 nomen
486 912 637 979 adiectivi
654 913 724 977 vice
743 913 836 997 fungi
855 912 958 977 videri
979 912 1101 995 poterit
1120 915 1150 976 et
1169 911 1362 976 adiectin
1380 910 1520 975 nominis

345 1019 424 1102 vice,
448 1020 482 1084 in
504 1019 556 1084 his
580 1019 698 1085 verbis:

434 1128 494 1210 τὴν
517 1128 665 1211 ἔμπυρον
688 1123 807 1210 τέχνην
831 1149 861 1210 p.
878 1124 996 1190 321E:
1019 1123 1074 1190 καὶ
1097 1123 1220 1203 κλέψας
1237 1126 1299 1208 τήν
1316 1147 1350 1189 τε
1373 1125 1521 1208 ἔμπυρον

344 1232 463 1317 τέχνην
493 1232 553 1316 την
583 1241 643 1298 τοῦ
668 1230 869 1316 Ἡφαίστου;
904 1232 994 1298 euius
1024 1232 1096 1297 loeo
1126 1234 1164 1297 τὸ
1194 1232 1344 1316 τεχνικὸν
1373 1239 1441 1312 πῦρ
1468 1252 1521 1294 ex-

345 1343 479 1424 spectes.
525 1337 588 1404 Sed
611 1362 677 1404 non
700 1343 767 1403 tam
790 1340 899 1425 ignem
923 1361 1016 1421 quam
1042 1340 1170 1425 igneam
1188 1337 1327 1403 Vulcani
1350 1341 1452 1402 artem
1474 1337 1521 1401 in-

344 1446 456 1531 tellegi
484 1450 516 1510 et
546 1468 632 1530 seqq.
656 1444 711 1512 ααὶ
739 1447 800 1529 την
829 1447 934 1528 ἀλλην
961 1447 1023 1529 την
1051 1455 1109 1528 τῆς
1132 1443 1274 1528 Ἀθηνᾶς
1301 1445 1521 1509 demonstrant

345 1557 377 1618 et
401 1553 566 1636 superiora
588 1552 717 1618 κλέπτει
736 1548 923 1637 Ἡφαίστου
947 1550 1002 1616 καὶ
1019 1549 1165 1634 Ἀθηνᾶς
1191 1551 1252 1635 τὴν
1281 1554 1437 1635 ἔντεχνον
1464 1569 1520 1617 σο-

345 1663 427 1743 φίαν
451 1662 515 1725 σὺν
538 1662 622 1741 πυρί
642 1656 688 1745 (p.
702 1659 764 1724 321
779 1657 827 1746 O).

434 1764 505 1842 Quo
520 1766 682 1850 copiosius
698 1766 735 1831 de
755 1765 972 1850 sophistarum
992 1787 1106 1851 genere
1121 1764 1247 1829 dicendi
1260 1764 1358 1829 verba
1376 1764 1521 1828 facienda

345 1876 444 1957 erant,
468 1895 505 1937 eo
529 1873 657 1937 brevius
681 1872 872 1938 Herodoti
896 1873 1075 1937 orationem
1097 1871 1312 1957 perstringere
1334 1870 1420 1936 licet.
1459 1868 1521 1945 Qui

344 1979 401 2043 illa
424 1980 592 2045 audaciore
615 1979 831 2063 sophistarum
855 1980 1035 2044 elocutione
1057 1979 1190 2043 minime
1214 2000 1291 2042 usus
1315 1980 1377 2060 est,
1405 1977 1461 2041 sed
1484 1999 1521 2041 ea

345 2085 441 2149 modo
464 2085 560 2150 huius
584 2086 876 2150 transformationis
900 2108 1016 2171 genera
1043 2085 1223 2169 usurpavit,
1252 2106 1333 2167 quae
1360 2083 1521 2148 cotidiana

345 2192 444 2255 t'uisse
475 2214 572 2275 supra
601 2192 748 2257 vidimus.
795 2192 889 2270 Quod
917 2196 955 2256 ut
985 2214 1095 2257 omnes
1125 2191 1334 2276 perspiciant,
1362 2190 1460 2275 primi
1489 2192 1521 2252 et

346 2299 452 2381 quinti
474 2298 550 2362 libri
574 2299 720 2383 exempla
743 2321 929 2364 enumerare
951 2300 1032 2363 mihi
1054 2297 1160 2384 liceat,
1183 2298 1238 2381 qui
1258 2302 1343 2362 certe
1361 2301 1436 2361 sunt
1456 2320 1521 2361 am-

345 2406 477 2489 pliores,
510 2427 606 2489 quam
640 2406 756 2491 quibus
786 2405 1003 2470 Herodoteem
1035 2406 1298 2470 consuetudinem
1330 2426 1396 2468 non
1426 2405 1521 2487 plane

346 2532 587 2597 cognoscamus.
644 2511 862 2577 Occurrebant
898 2513 979 2577 mihi
1015 2512 1108 2578 haec:
1148 2512 1189 2575 τά
1229 2511 1419 2593 ὑψηλότατα
1455 2520 1521 2574 τῶν

347 2618 452 2701 όρίον
475 2617 492 2683 Ι
513 2618 590 2702 131,
610 2620 643 2704 6,
675 2620 714 2684 rot
737 2621 837 2686 λεπτὰ
865 2631 932 2684 τῶν
959 2619 1135 2703 προβάτων
1157 2616 1174 2682 1
1194 2617 1268 2702 133,
1286 2617 1321 2703 6,
1352 2618 1392 2682 τὰ
1420 2633 1522 2683 σπου·

350 2725 524 2791 ὃαιίστατα
547 2737 614 2791 τῶν
631 2727 832 2811 πρηγμάτων
852 2726 927 2790 ibid.
945 2726 995 2809 14,
1018 2729 1095 2802 τοὺς
1113 2726 1309 2810 ὑπειρόχους
1326 2736 1393 2789 τῶν
1413 2724 1521 2788 ἀστῶν

350 2832 484 2916 192η,
502 2833 537 2917 3,
566 2833 725 2918 ἐπίμαχον
750 2833 800 2917 [τὸ
824 2835 960 2917 χωρίον]
985 2841 1043 2915 τῆς
1070 2831 1271 2916 ἀκροπόλεος
1293 2828 1310 2894 Ι
1329 2829 1380 2913 84,
1401 2831 1456 2915 16,
1483 2831 1520 2895 τὸ

348 2938 549 3023 ἐρημότατον
582 2951 648 3004 τῶν
682 2937 788 3023 όρίωυ
814 2937 1000 3022 1110,16.
1026 2937 1153 3020 113,1,
1187 2937 1220 3014 ἐς
1251 2936 1391 3002 τοσοῦτο
1423 2939 1523 3021 τύχης

345 3045 457 3130 1124,
476 3047 510 3131 6,
542 3048 579 3111 τὸ
603 3045 704 3130 μέσον
729 3043 766 3111 dl
794 3057 861 3111 τῶν
884 3045 1072 3128 οίκημάτων
1094 3044 1204 3128 1179,
1225 3045 1280 3128 12,
1311 3045 1351 3108 τά
1374 3044 1522 3127 σύντομα

345 3161 404 3236 τῆς
427 3152 463 3217 ἐκ
485 3155 617 3236 Μήδαν
646 3150 937 3236 6611118632,
969 3154 1032 3215 σὺν
1062 3160 1107 3237 τῷ
1137 3150 1262 3237 ἀχρηίῳ
1292 3160 1352 3216 τοῦ
1380 3159 1522 3232 στρατοῦ

346 3258 361 3323 1
379 3258 450 3343 191,
466 3259 495 3342 9,
519 3263 646 3343 Καρίης
668 3260 728 3341 τὴν
752 3262 880 3339 πολλόν
898 3255 930 3319 V
946 3255 1018 3338 103,
1033 3255 1063 3340 9,
1085 3257 1145 3331 ὑὸς
1167 3264 1275 3340 χρῆμα
1293 3255 1376 3339 μέγα
1394 3255 1477 3340 136,
1492 3257 1521 3321 2.

435 3365 619 3430 Herodotus
650 3364 751 3449 igitur
781 3383 908 3446 semper
936 3365 994 3427 aut
1022 3365 1137 3425 neutra
1166 3361 1410 3447 adieetivorum,
1440 3385 1522 3447 quae

346 3473 487 3536 nominis
523 3473 626 3536 vicem
662 3473 840 3553 praestant,
876 3471 934 3532 aut
969 3469 1101 3533 nomina
1136 3469 1347 3535 usitatissima
1384 3468 1521 3557 (χρῆμα)

347 3579 484 3662 scripsit.
530 3575 712 3658 Utrumque
742 3577 906 3660 sophistae
936 3577 1042 3641 studio
1073 3577 1212 3661 quodam
1241 3578 1436 3660 vitaverunt,
1466 3578 1522 3662 qui

348 3684 514 3769 quodlibet
545 3683 739 3747 adiectivum
771 3683 805 3746 in
837 3686 950 3767 aptum
982 3705 1099 3748 nomen
1131 3685 1453 3767 transformaverunt,
1489 3685 1522 3748 id

348 3791 435 3875 quod
464 3790 560 3875 plane
589 3789 729 3853 alienum
760 3793 808 3855 est
838 3790 877 3854 ab
909 3791 1054 3856 oratione
1083 3790 1274 3856 Herodotea.
1319 3788 1428 3873 Atque
1454 3793 1521 3853 tam

348 3897 484 3964 studiosi
507 3896 637 3962 fuerunt
665 3897 827 3981 sophistae
854 3897 943 3962 illius
967 3899 1093 3963 dicendi
1116 3899 1254 3983 geuene,
1280 3898 1317 3960 ut
1339 3896 1426 3959 haud
1447 3917 1520 3958 raro

348 4003 504 4068 adjectiva
535 4004 630 4086 plane
662 4004 790 4069 inutilia
821 4006 856 4069 in
888 4027 1005 4069 nomen
1037 4003 1303 4068 transformarent
1337 3998 1391 4086 (cf.
1420 4001 1522 4083 ἀλκῆς

349 4108 468 4193 εὐεξία,
492 4115 612 4195 σοφίας
636 4112 790 4200 δύναμιν,
816 4114 908 4191 ζόαν
930 4108 1059 4195 βοράν).
1100 4107 1221 4172 Gonlna
1243 4111 1280 4170 ut
1303 4105 1336 4168 in
1353 4107 1521 4170 communi

349 4216 543 4282 Graecorum
563 4220 792 4284 consuetudine
815 4219 860 4283 ita
884 4217 968 4300 apud
987 4214 1189 4279 Herodotum
1209 4211 1411 4294 adieetiuum,
1434 4211 1521 4295 quod

348 4322 574 4408 appellationis
598 4325 668 4390 vice
690 4326 847 4408 fungitur,
870 4341 997 4403 semper
1018 4323 1068 4382 est
1090 4318 1221 4382 maioris
1244 4319 1401 4382 momenti
1424 4340 1521 4402 quam

348 4431 525 4517 principale
548 4452 674 4495 nomen.
716 4429 754 4492 of.
776 4449 800 4491 e.
820 4449 849 4513 g.
873 4428 910 4491 τὸ
934 4425 1135 4509 ἐρημότατον
1157 4435 1225 4489 τῶν
1249 4424 1366 4508 ὀρέων,
1389 4428 1453 4490 σὺν
1475 4435 1521 4513 τῷ

350 4538 474 4628 ἀχρηίῳ
503 4549 561 4603 τοῦ
590 4543 740 4619 στρατοῦ.
787 4533 916 4600 Nedum
943 4532 1127 4600 Herodotea
1153 4534 1252 4600 verba
1277 4554 1432 4618 umquam
1459 4532 1522 4598 aha
