3509 5325
719 490 941 555 ..13.„

241 651 350 717 πειθὼ
373 662 440 717 τῶν
464 646 572 734 λόγων
591 649 800 735 κατέστησεν,
823 647 878 715 καλ
901 646 1157 734 κυανόχρυντὸ
1176 659 1234 735 τῆς
1251 649 1417 736 θαλάττης
1462 663 1466 670 '

242 758 379 841 ἔδαφος·
401 755 510 822 πάντα
533 758 596 843 γὰρ
615 766 718 822 ταῦτα
740 758 895 839 ποιητικὰ
914 758 970 822 διὰ
987 758 1050 839 τὴν
1068 758 1232 822 δίπλωσιν
1254 761 1417 841 φαίνεται.

242 862 281 928 cf.
300 887 330 947 p.
352 863 471 927 1406a
494 863 537 928 36
566 864 600 930 ολ
628 862 657 927 δ’
684 865 858 946 ἅνθρωποι
888 875 958 939 τοῖς
987 865 1117 940 διπλοῖς
1146 875 1304 949 χρῶνται,
1337 864 1418 930 ὅταν

242 968 420 1053 ἀνώνυμον
448 965 469 1056 ᾗ
497 966 552 1035 καὶ
580 970 597 1035 ὁ
626 973 725 1053 λόγος
758 970 976 1053 εὐσύνθιτος,
1009 961 1082 1034 οἷον
1109 970 1146 1035 τὸ
1173 974 1416 1056 χρονοτριβεῖν·

242 1073 313 1142 ἀλλ’
341 1074 384 1141 ἂν
410 1078 512 1160 πολύ,
544 1076 675 1152 πάντας
705 1080 884 1160 ποιητικόν.
931 1077 984 1142 διὸ
1012 1077 1240 1162 χρησιμωτάτη
1267 1077 1288 1160 η
1317 1078 1417 1162 διπλῆ

242 1180 327 1260 λέξις
350 1194 420 1259 τοῖς
443 1184 755 1268 διθυραμβοποιοῖς·
780 1178 872 1249 οὗτοι
897 1184 958 1266 μὰς
979 1184 1159 1266 quoddam.

331 1288 411 1355 Cum
441 1288 631 1355 Aristoteles
664 1291 733 1373 ipse
767 1312 877 1356 omnes
911 1290 1058 1355 homines
1090 1290 1278 1373 compositis
1311 1290 1417 1356 verbis

242 1396 319 1460 satis
348 1395 457 1461 crebro
485 1396 535 1461 uti
562 1397 730 1480 concedat,
756 1418 823 1460 non
850 1397 1017 1480 proprium
1046 1395 1079 1459 id
1107 1417 1176 1461 esse
1200 1396 1417 1480 sophistarum

242 1503 404 1587 dictionis,
428 1503 518 1568 cuius
541 1507 701 1569 tumorem
724 1502 930 1587 reprehendit
952 1502 1180 1587 philosophus,
1207 1503 1242 1566 in
1264 1507 1417 1588 promptu

241 1609 512 1694 manifestumque
539 1615 596 1676 est.
642 1610 712 1687 Qua
738 1632 773 1676 re
804 1615 891 1675 certa
917 1610 1028 1695 frigidi
1057 1610 1125 1674 stili
1154 1610 1294 1695 insignia
1322 1610 1417 1675 nobis

241 1716 525 1801 circumspicienda
549 1722 632 1783 sunt.
673 1718 860 1782 Laudentur
883 1738 977 1782 voces
1001 1718 1206 1802 compositae,
1230 1717 1310 1781 dccv
1332 1715 1416 1782 ἀνώ-

240 1846 349 1907 νυμον
367 1818 388 1909 ᾖ
406 1821 462 1889 καὶ
481 1824 499 1889 ό
518 1827 617 1908 λόγος
635 1824 838 1901 εὐσύνθετος
861 1822 907 1911 (p.
924 1824 1039 1889 moda
1053 1821 1121 1912 37),
1143 1824 1243 1911 igitur
1266 1846 1311 1907 ea,
1335 1845 1416 1906 quae

240 1932 278 1993 ut
299 1931 464 1995 notionem
488 1930 592 1997 adhuc
622 1931 837 2016 appellatione
859 1934 1026 1996 vacantem
1050 1930 1229 1997 accuratius
1257 1929 1417 2016 significa·

239 2040 324 2120 rent,
359 2037 436 2103 ficta
468 2040 502 2101 et
532 2038 671 2103 formata
703 2036 820 2125 suntl).
871 2036 1033 2122 Sophistis
1066 2038 1167 2122 igitur
1198 2037 1279 2102 vitio
1311 2038 1417 2122 vertit,

241 2143 326 2225 quod
356 2165 439 2210 nova
469 2148 502 2210 et
530 2144 674 2210 inaudita
701 2146 799 2210 verba
829 2145 1007 2229 composita
1033 2145 1226 2209 formassent
1248 2148 1304 2207 aut
1326 2165 1417 2209 usur-

240 2254 371 2332 passent
392 2251 464 2316 loco
493 2252 688 2335 simplicium
716 2274 798 2336 quae
825 2252 911 2316 idem
938 2253 1004 2316 fere
1031 2250 1153 2334 valent,
1179 2251 1334 2316 nimirum
1357 2272 1416 2335 pro

239 2357 339 2421 nimia
357 2356 510 2440 loquendi
524 2358 728 2443 abundantia,
748 2358 786 2423 de
805 2380 868 2442 qua
888 2359 1014 2443 saepius
1029 2356 1236 2424 Aristotelem
1256 2356 1416 2441 sophistas

240 2463 410 2549 obiurgare
437 2465 587 2530 novimus
616 2463 670 2552 (cf.
688 2489 718 2549 p.
736 2465 821 2530 1406
836 2486 855 2528 a
876 2465 1025 2548 13-18,
1044 2464 1102 2548 20,
1120 2465 1178 2549 32,
1196 2462 1263 2550 35).
1308 2462 1417 2548 Aque

240 2570 392 2655 pleraque
410 2570 508 2636 verba
526 2573 705 2655 composita
724 2571 765 2636 ab
784 2568 960 2636 Aristotele
979 2568 1105 2655 prolata
1127 2570 1213 2635 idem
1233 2571 1301 2635 fere
1320 2570 1417 2656 signi-

240 2678 338 2743 ficant
357 2684 453 2762 atque
472 2701 566 2745 voces
590 2679 762 2763 simplices,
790 2680 853 2744 m'si
876 2679 963 2763 quod
985 2679 1093 2744 verbis
1116 2678 1304 2763 compositis
1327 2698 1417 2743 usur-

240 2785 324 2867 patis
361 2788 463 2850 oratio
500 2789 609 2873 turget
645 2790 742 2871 atque
778 2785 890 2851 inflata
926 2787 972 2850 fit.
1022 2784 1061 2850 In
1097 2785 1293 2870 simpliciore
1329 2786 1415 2850 enim

240 2891 379 2956 dictione
404 2891 574 2958 dicendum
598 2891 699 2980 eram)

453 3021 512 3083 pro
536 3002 747 3086 στενόποροςε
772 3002 886 3076 στενός

475 3155 493 3189 „
537 3110 718 3192 πυρίηρωςε
742 3109 869 3191 πυρρός

475 3262 492 3296 „
537 3215 742 3297 κυανόχρωςε
765 3213 905 3290 κυάνεος

475 3369 493 3403 „
537 3323 748 3404 τελεσφόροςτ
772 3318 896 3396 τέλειος

475 3474 493 3508 ,,
538 3425 766 3512 ἐρημοπλολνος
789 3424 945 3513 (Βοωολτ.
959 3428 979 3506 ὅ
995 3423 1087 3513 116):
1110 3425 1242 3503 πλάνος.

328 3548 464 3614 Restant
487 3549 643 3614 vocabula
670 3551 934 3633 πολυπρόσωπος
961 3553 993 3614 et
1020 3552 1304 3635 μεγαλοκόρυφος,
1333 3572 1414 3633 quae

239 3655 310 3739 ipsa
332 3678 461 3740 quoque
482 3657 649 3721 notionem
673 3657 749 3722 satis
778 3658 957 3741 simplicem
981 3659 1112 3740 copiosa
1137 3658 1333 3740 loquacitate
1356 3659 1415 3722 cir-

240 3764 361 3827 cumire
383 3760 571 3849 ridentum).

328 3868 367 3936 In
399 3870 562 3934 nonnullis
595 3875 701 3934 autem
733 3870 840 3937 verbis
873 3872 971 3936 etiam
1003 3869 1090 3935 aliud
1122 3874 1219 3956 auget
1250 3870 1413 3954 poeticum

329 4084 354 4150 1)
375 4080 409 4134 of.
429 4079 531 4145 Waltz,
551 4079 683 4150 Organon
701 4079 753 4134 vol.
768 4080 789 4146 1,
810 4085 888 4147 1844,
909 4098 936 4149 p.
953 4086 1055 4148 etseq.

329 4172 355 4240 2)
373 4168 554 4223 Praetermiri
568 4168 652 4223 verba
671 4167 868 4241 πτωχόμουσος
882 4167 966 4233 κόλαξ
984 4168 1204 4239 ἐπιορκήσαντος
1218 4169 1266 4222 καλ
1280 4189 1413 4238 κατευορ-

239 4257 391 4326 κήσαντας,
416 4257 491 4328 quod
515 4260 646 4327 corrupta
666 4274 725 4311 esse
744 4257 881 4314 videntur.
919 4257 953 4312 cf.
974 4257 1096 4326 Vahlen,
1115 4258 1168 4312 Rh.
1183 4257 1254 4311 Mus.
1274 4257 1338 4310 XXI
1353 4264 1411 4312 146.

239 4343 362 4400 Verbum
386 4346 527 4416 ἐπιορκεῖν
550 4347 626 4416 apud
647 4363 742 4401 omnes
766 4347 915 4417 scriptores
938 4347 1155 4401 usitatissimum
1172 4347 1353 4401 Aristotelem
1370 4363 1413 4401 re·

239 4433 421 4502 prehendisse
439 4434 626 4506 improbabile
644 4437 694 4489 est.

328 4523 354 4591 3)
374 4521 458 4577 Cuius
481 4524 647 4579 elocutionis
668 4524 774 4595 postici
793 4525 899 4579 colores
918 4541 953 4579 ea
971 4540 1082 4592 quoque
1100 4540 1130 4578 rc
1149 4523 1313 4591 efferuntur,
1337 4524 1412 4593 quod

238 4611 375 4666 vocabulo
394 4609 545 4680 πρόσωπον
564 4613 636 4668 caeli
655 4614 761 4683 species
780 4630 836 4668 non
854 4614 1015 4668 declaratur
1032 4614 1087 4668 nisi
1106 4613 1245 4667 translata
1262 4612 1383 4666 notione.
