3509 5325
742 486 962 550 „43ss

263 667 332 710 esse
361 650 483 710 certum
515 648 571 709 est.
617 644 745 710 Behher
772 644 890 711 Anecd.
909 668 939 731 p.
958 645 1003 710 40
1031 648 1077 721 είς
1109 648 1192 728 γόνυ
1224 657 1352 711 πεσεῖν·
1385 646 1438 712 ἐπὶ

262 763 329 816 τῶν
352 753 417 818 ὑπὸ
440 754 516 834 βίας
538 751 744 836 κλινομίνων
767 754 815 828 είς
837 754 899 836 τὴν
922 761 994 835 γῆν.
1018 775 1036 817 ο
1039 752 1137 836 [γὰρ
1162 760 1307 818 τοιοῦτοι
1330 755 1438 835 βιαζό-

263 881 358 941 μενοι
381 863 476 943 μόλις
499 862 669 924 κλίνονται
687 856 741 923 καὶ
761 859 822 924 οὐκ
841 857 1006 942 ἐξαίφνης.
1043 858 1081 924 cf.
1100 856 1253 942 Aeschyli
1271 857 1356 923 Pers.
1372 859 1438 923 910

261 961 415 1030 ’Arsaos
438 967 543 1049 χθών,
567 968 704 1047 βασιλεῦ
728 969 876 1047 paitrau
856 967 1015 1041 αίνῶςί
980 988 1000 1029 α
1014 976 1081 1041 νῶς
1104 962 1156 1028 ἐπὶ
1178 968 1261 1047 γόνυ
1285 963 1438 1030 κέκλιται.

262 1068 308 1136 At
336 1093 403 1136 non
431 1074 480 1135 est
507 1072 673 1155 proprium
705 1070 793 1136 illius
827 1070 1045 1136 translationis
1077 1071 1189 1135 urbem
1219 1072 1360 1135 hominis
1387 1073 1439 1135 vel

263 1177 365 1242 athlet
350 1180 403 1242 tae
428 1177 534 1262 specie
557 1178 655 1261 indui,
679 1177 735 1243 sed
757 1178 925 1262 proprium
948 1178 1076 1260 atque
1067 1178 1193 1263 maigne
1217 1182 1266 1241 est
1284 1177 1372 1242 illam
1392 1178 1438 1242 rei

263 1286 411 1369 publicae
434 1286 569 1368 ruinam,
593 1307 673 1368 quae
698 1283 767 1349 sola
788 1288 896 1349 mente
919 1284 1041 1368 percipi
1068 1287 1190 1368 potest,
1217 1283 1319 1349 oculis
1347 1285 1439 1367 quasi

265 1390 377 1457 subici.
424 1391 494 1469 Qua
525 1413 559 1455 re
592 1392 648 1455 illa
679 1392 777 1455 verba
810 1395 886 1455 sunt
918 1413 957 1455 ex
989 1389 1072 1456 veris
1105 1394 1142 1455 ut
1173 1389 1356 1456 Homericis
1392 1392 1439 1455 ita

262 1498 454 1563 Herodoteis
478 1497 756 1581 immissionibus,
786 1519 866 1582 quae
890 1519 941 1561 res
964 1520 983 1560 a
1006 1498 1151 1562 sensibus
1179 1500 1343 1562 sevocatas
1366 1498 1438 1562 visu

262 1608 415 1688 tactuque
439 1604 625 1669 manifestas
649 1604 795 1669 reddunt.

351 1714 460 1776 ἔπεστι
479 1711 543 1795 γάρ
560 1728 619 1795 σφι
634 1712 794 1792 δεσπότης
812 1714 924 1795 νόμος,
943 1712 1002 1776 τὸν
1016 1711 1309 1795 ὑπερδειμαίνονσι
1327 1716 1439 1798 πολλῷ

264 1819 311 1883 ἔτι
334 1822 462 1901 μᾶλλον
485 1817 505 1901 ἢ
525 1819 560 1882 ol
576 1816 629 1883 σοὶ
649 1816 919 1902 05V11104,19.
966 1816 1069 1893 Quam
1088 1816 1311 1900 elocutionem,
1330 1839 1439 1900 quam-

264 1945 360 2009 quam
398 1946 415 1988 e
453 1945 577 1989 conexu
617 1924 744 1990 facilem
781 1924 880 1989 habet
916 1922 1112 2008 explicatum
1150 1920 1291 2011 (Ξέρξης
1322 1923 1340 1989 δ
1373 1935 1439 1987 τῶν

264 2028 423 2114 Περσέων
447 2032 606 2113 δεσπότης
631 2066 671 2075 -
696 2031 798 2113 νόμος
821 2030 838 2094 ὁ
862 2040 930 2095 τῶν
953 2029 1228 2114 Λακεδαιμονίων
1257 2026 1440 2116 δεσπότης),

263 2140 372 2201 tamen
398 2134 532 2220 propius
561 2135 709 2202 accedere
737 2137 778 2201 ad
805 2136 1050 2200 similitudinem
1080 2135 1307 2201 nonnullarum
1338 2140 1440 2201 trans

263 2243 430 2326 letionum,
446 2242 564 2325 quibus
580 2242 743 2327 sophistae
758 2244 809 2307 usi
823 2245 907 2326 sunt,
922 2242 1160 2308 concedendum
1175 2246 1231 2307 est.
1251 2243 1289 2307 cf.
1299 2241 1440 2328 Hippiae

264 2350 361 2415 verba
383 2349 418 2413 in
440 2347 523 2413 Plat.
542 2348 630 2414 Prot.
654 2348 671 2415 δ
697 2346 733 2414 δὲ
756 2352 859 2433 νόμος
885 2351 1048 2434 τύραννος
1072 2350 1119 2416 ὢν
1146 2362 1213 2415 τῶν
1239 2349 1440 2434 ἀνθρώπων,

252 2449 402 2542 'Gorgiae
421 2456 455 2520 in
473 2454 654 2522 Palamedis
674 2456 857 2521 defensione
880 2459 1005 2540 νόμους
1028 2459 1194 2540 γραπτούς
1212 2458 1363 2541 φύλακας
1381 2466 1440 2523 τοῦ

265 2564 411 2645 δικαίου,
434 2561 591 2628 Heracliti
614 2562 791 2649 τρέφονται
815 2564 877 2647 γὰρ
902 2563 1022 2640 πάντες
1051 2563 1086 2627 οί
1110 2561 1314 2647 ἀνθρώπειαι
1342 2566 1440 2647 νόμοι

264 2669 329 2736 ὑπὸ
349 2667 422 2746 ἑνὸς
440 2680 500 2736 τοῦ
519 2674 617 2735 θείου
635 2669 698 2736 κτὲ.
734 2669 778 2735 At
797 2671 880 2736 hanc
898 2693 995 2735 unam
1009 2669 1224 2736 elocutionem
1237 2669 1440 2736 Herodotum

265 2798 283 2840 a
306 2777 461 2860 sophistis
486 2777 634 2843 didicisse
663 2799 734 2842 mea
758 2777 888 2862 quidem
911 2779 1070 2844 sententia
1091 2778 1225 2843 minime
1252 2782 1302 2842 est
1325 2779 1440 2862 proba-

265 2883 338 2968 bile,
361 2884 548 2968 praesertim
573 2905 645 2949 cum
669 2885 773 2968 ipsam
797 2885 887 2949 illam
908 2885 1152 2950 translationem
1170 2884 1327 2950 Pindarus
1350 2908 1439 2949 usur·

265 2991 389 3073 paverit
424 2991 458 3054 in
495 3013 589 3055 versu
626 2994 782 3073 quantum
819 2991 1031 3075 perspicimus
1068 2991 1283 3056 celeberrimo.
1338 2991 1440 3068 Quem

267 3097 432 3162 attulitet
400 3098 524 3182 etipse
547 3096 694 3162 Herodot
679 3100 732 3162 tus
751 3097 786 3161 in
807 3098 828 3162 l.
847 3095 896 3162 ΙΠ
911 3097 963 3182 38,
973 3097 1030 3161 21:
1052 3095 1107 3162 καὶ
1126 3096 1237 3181 ὀρθῶς
1255 3122 1312 3182 μοι
1332 3097 1440 3163 δοκέει

266 3206 437 3290 Πίνδαρος
460 3213 596 3287 ποιησαι
619 3207 725 3288 νόμον
748 3203 884 3268 παντων
906 3202 1043 3286 βασιλεα
1065 3205 1173 3289 φήσας
1200 3199 1348 3269 είναιλ
1315 3207 1348 3268 et
1371 3202 1440 3268 Gal-

264 3310 395 3375 licles
386 3333 421 3374 m
449 3309 530 3375 Plat.
508 3307 650 3395 tGorg.
678 3333 709 3393 p.
728 3308 837 3374 484Β
864 3306 940 3396 (fig.
961 3309 1022 3374 151
1047 3307 1202 3397 Boeckh).
1255 3309 1439 3375 Herodotus

265 3417 367 3502 igitur
389 3415 503 3481 inille
529 3416 711 3481 elocutione
739 3417 940 3501 ursurpanda
966 3439 1032 3481 non
1060 3417 1222 3500 sophistas
1249 3417 1305 3482 sed
1331 3418 1440 3500 potius

265 3526 404 3607 poetam,
427 3545 522 3606 quem
546 3525 615 3607 ipse
639 3524 789 3608 appellet,
812 3524 957 3589 imitatus
980 3545 1049 3589 esse
1067 3524 1201 3588 videtur.
1246 3522 1285 3587 In
1303 3527 1441 3606 utroque

265 3631 338 3695 loco
371 3629 527 3694 vocabulo
560 3633 660 3714 νόμος
694 3630 852 3696 diversam
885 3631 986 3695 subici
1018 3630 1182 3694 notionem
1214 3634 1325 3694 nostra
1358 3629 1440 3693 nihil

266 3734 441 3823 interest1).

356 3842 478 3920 Quibus
502 3844 651 3908 omnibus
675 3843 885 3909 consideratis
908 3843 1110 3909 Herodotum
1128 3843 1163 3908 in
1185 3842 1241 3908 illa
1259 3843 1320 3928 via,
1343 3866 1440 3928 quem

267 3949 381 4016 ducere
405 3951 445 4015 ab
465 3949 598 4014 Hesiodi
618 3949 792 4035 theogonia
811 3954 843 4014 et
862 3950 1131 4035 philosophorum
1149 3955 1292 4015 veterum
1312 3951 1440 4034 scriptis

267 4077 368 4139 usque
396 4055 436 4120 ad
464 4057 625 4139 sophistas
652 4056 806 4141 vidimus,
834 4057 1052 4140 sophistarum
1079 4057 1216 4143 vestigia
1243 4079 1310 4121 non
1335 4079 1440 4141 perse

267 4165 377 4227 cutum
401 4183 469 4226 esse
491 4161 585 4226 nobis
610 4167 732 4228 certum
756 4163 891 4228 videtur.

357 4393 382 4459 1)
407 4391 441 4444 cf.
461 4390 511 4444 Ed.
527 4391 636 4460 Meyer,
659 4391 858 4461 Forschnngen
881 4407 929 4443 zur
952 4389 1029 4444 alten
1048 4389 1217 4446 Geechichte
1234 4391 1288 4446 vol.
1303 4390 1342 4461 H,
1363 4397 1440 4459 1899,

267 4497 294 4551 p.
305 4483 356 4534 253
376 4479 440 4536 adn.
452 4485 476 4536 2.
