3509 5325
803 434 1024 498 ..38-

416 596 535 672 νυκτὸς
558 594 714 679 ἐρημαίης
736 594 926 671 ἀλαώπιδος
947 593 999 659 49.

416 710 477 784 γῆς
501 700 622 784 ἱδρῶτα
644 700 820 765 θάλασσαν
843 698 895 765 55.

417 816 462 894 τῷ
488 804 520 871 δ’
546 803 598 871 ἐπὶ
622 804 676 871 καὶ
700 809 818 884 Πόθος
840 802 905 872 είσι
930 803 973 871 δι’
1001 809 1097 885 ὄψιος
1119 808 1250 891 ἅμματα
1273 811 1401 892 μίσγων
1425 806 1477 872 64.

418 913 461 990 ὣς
480 916 585 996 γλυκὺ
604 908 666 998 μὲν
684 902 789 995 γλυκδ
808 912 944 998 μάρπτε,
963 916 1084 997 πικρὸν
1103 912 1130 978 δ
1149 912 1202 979 ίπλ
1215 916 1335 998 πικρὸν
1351 916 1502 998 ὄρουσεν,

462 1017 520 1097 ὀξὺ
544 1016 575 1083 δ’
603 1015 655 1083 ἐπ’
682 1016 741 1097 ὀξὺ
764 1021 835 1103 ἔβη,
858 1021 981 1106 δαερὸν
1004 1018 1034 1084 δ’
1061 1018 1209 1106 ἐποχείτο
1233 1022 1354 1108 δαηρῷ.
1382 1020 1435 1085 90.

416 1126 437 1210 ἡ
461 1121 498 1190 δὲ
521 1127 615 1211 χθὼν
638 1126 806 1191 τούτοισιν
831 1132 884 1210 ίση
909 1125 1091 1210 συνέκυρσε
1114 1127 1264 1212 μάλιστα,

457 1231 629 1320 Ἡφαίστῳ
653 1228 680 1297 τ’
709 1233 822 1320 ὄμβρῳ
846 1230 957 1297 τεκαὶ
981 1231 1093 1317 αίθέρι
1116 1237 1368 1318 παμφανόωντι,

465 1341 634 1423 Κύπριδος
658 1339 857 1422 ὁρμισθείσα
880 1342 1016 1415 τελείοις
1039 1338 1077 1405 ἐν
1100 1338 1289 1423 λιμένεσσιν
1312 1340 1364 1404 98.

419 1445 571 1530 αἰθέριον
594 1443 655 1529 μὲν
679 1446 741 1528 γάρ
766 1462 828 1530 σφε
852 1443 951 1529 μένος
973 1448 1137 1512 πόντονδε
1161 1448 1285 1531 διώκει,

462 1555 582 1628 πόντος
605 1548 636 1616 δ’
665 1550 697 1628 ἐς
720 1552 844 1635 χθονὸς
867 1546 969 1629 οὖδας
992 1550 1166 1637 ἀπέπτυσε,
1190 1564 1268 1637 γαῖα
1292 1546 1324 1617 δ’
1351 1550 1384 1629 ές
1402 1552 1505 1635 αὐγάς

462 1659 576 1743 ηελίου
599 1655 797 1742 φαέθοντος,
820 1658 839 1725 ὁ
863 1656 893 1723 δ’
921 1657 1057 1743 αόθίρος
1080 1662 1200 1745 ἔμβαλε
1224 1661 1332 1737 δίναις
1357 1658 1431 1744 115,
1454 1660 1483 1724 9.

423 1769 508 1831 ἔνθα
533 1767 642 1841 Φόνος
667 1787 702 1829 τε
725 1768 833 1842 Κότος
854 1788 889 1829 τε
912 1763 967 1830 καὶ
989 1767 1101 1832 ἄλλων
1124 1770 1226 1831 ἔθνεα
1249 1769 1373 1851 Κηρῶν

464 1872 632 1956 αὐχμηραί
652 1894 687 1935 τε
710 1873 806 1936 νόσοι
829 1868 884 1935 καλ
907 1875 1029 1955 σηίγιεςΙ
1046 1875 1125 1956 ἔργα
1149 1895 1183 1936 τε
1207 1870 1329 1958 ρευστά

454 1976 552 2060 ’Ἀτης
575 1977 617 2043 ἄν
640 1982 785 2061 λειμῶνα
807 1977 889 2042 κατὰ
913 1981 1030 2054 σκότος
1051 1977 1256 2062 ἠλάσκουσιν
1280 1977 1353 2042 121.
1410 2038 1413 2041 ,

420 2082 493 2149 ἔνθ’
523 2080 607 2168 ἦσαν
633 2086 762 2167 Χθονίη
785 2107 820 2148 τε
843 2082 898 2149 καλ
917 2082 1057 2168 Ἡλιόπη
1081 2096 1257 2166 ταναῶπις,

466 2194 572 2278 Λῆρίς
593 2189 633 2257 θ’
654 2191 854 2275 αἱματόεσσα
877 2188 932 2256 καὶ
951 2187 1110 2276 Ἁρμονίη
1133 2198 1334 2275 θεμερῶπις,

466 2299 640 2364 Καλλιστώ
663 2294 692 2362 τ’
710 2299 838 2383 Αίσχρή
862 2320 908 2380 τε,
933 2300 1053 2363 Θόωσά
1075 2322 1109 2363 τε
1133 2301 1265 2381 Δηναίη
1288 2322 1334 2380 τε,
1501 2380 1504 2385 ¹

465 2407 640 2489 Νημερτής
662 2400 690 2469 τ’
714 2403 851 2489 ἐρόεσσα
875 2404 1099 2488 μελάγκουρός
1120 2397 1148 2468 τ’
1170 2401 1328 2488 Ἀσάφεια
1353 2403 1425 2469 122.

423 2511 524 2576 Φυσά
547 2534 580 2576 τε
607 2509 761 2594 Φθιμένη
785 2534 830 2594 τε,
852 2508 907 2575 καὶ
930 2511 1059 2593 Εὐναίη
1083 2508 1136 2576 καὶ
1152 2509 1312 2595 ’Ἐγερσις

466 2618 559 2683 Κινώ
582 2614 610 2683 τ’
636 2610 817 2703 Ἀστεμφης
838 2640 885 2702 τε,
908 2618 1159 2703 πολύστεφανός
1181 2639 1215 2683 τε
1236 2618 1394 2701 Μεγιστώ

468 2722 521 2788 καὶ
548 2725 675 2810 Φοράη,
699 2728 803 2807 Σωπη
827 2747 860 2788 τε
884 2722 938 2789 καὶ
959 2721 1101 2809 Ὀμφαίη
1127 2725 1199 2790 123.

421 2831 631 2898 Philolaus.
681 2837 823 2917 θεωρεῖν
856 2833 910 2896 δεῖ
939 2832 979 2896 τὰ
1017 2834 1096 2915 ἔργα
1132 2829 1186 2896 καὶ
1213 2833 1278 2917 ,τὴν
1311 2831 1430 2898 οὐσίαν
1462 2843 1508 2898 τῶ

333 2938 465 3023 ἀριθμῶ
492 2939 613 3004 καττάν
637 2939 781 3022 δύναμιν
810 2939 881 3016 άτις
904 2936 993 3004 ἐστὶν
1017 2937 1054 3004 ἐν
1077 2948 1117 3026 τᾷ
1141 2939 1267 3004 δεκάδι·
1298 2939 1422 3023 μεγάλα
1446 2939 1508 3021 γάρ

333 3045 388 3112 καὶ
414 3048 577 3130 παντελὴς
604 3044 658 3111 καὶ
686 3049 889 3131 παντοεργὸς
915 3044 969 3111 καὶ
997 3050 1080 3112 θείω
1108 3044 1163 3111 καὶ
1191 3045 1336 3130 οὐρανίω
1363 3049 1425 3129 βίω
1453 3042 1508 3109 καὶ

334 3153 537 3239 άνθρωπίνω
562 3153 645 3238 ἀρχά
668 3150 722 3218 καὶ
746 3152 877 3236 ἁγεμών
899 3153 961 3239 frg.
979 3153 1018 3218 11
1032 3152 1122 3218 Diels
1137 3183 1180 3205 =
1194 3152 1327 3218 Boeckh
1345 3175 1376 3236 p.
1392 3151 1463 3216 139.

424 3261 573 3344 γνωμικδ
602 3261 665 3344 γὰρ
696 3259 717 3324 ά
746 3260 846 3344 φύσις
874 3259 895 3323 δι
925 3269 969 3324 τῶ
1000 3257 1133 3343 ἀριθμῶ
1162 3257 1217 3324 καὶ
1247 3259 1427 3343 ἡγεμονικοὶ
1454 3256 1509 3323 καὶ

336 3368 553 3450 διδασκαλικοὶ
584 3377 629 3430 τῶ
663 3363 880 3450 ἀπορουμένου
911 3366 1034 3440 παντὸς
1070 3362 1124 3430 καὶ
1161 3363 1375 3449 ἀγνοουμένου
1413 3368 1513 3430 παντί

336 3473 503 3558 frg.111)
526 3495 557 3557 p.
579 3472 642 3536 140
656 3471 692 3534 B.

425 3589 481 3656 τᾶς
504 3589 548 3644 τῶ
578 3577 702 3660 άπείρω
730 3575 784 3642 καὶ
812 3575 942 3658 άνοητω
969 3574 1024 3642 καὶ
1052 3574 1161 3662 άλόγω
1185 3579 1305 3663 φύσιος
1328 3579 1365 3644 τὸ
1387 3581 1512 3657 ψεῦδος

337 3686 355 3750 ὁ
378 3689 509 3770 φθόνος
532 3684 603 3749 ἐστί
623 3684 684 3770 frg.
700 3684 740 3747 11
756 3682 786 3747 D
809 3705 839 3766 p.
856 3681 920 3746 145
935 3681 971 3747 B.

427 3789 584 3874 πολέμιον
608 3790 671 3871 γάρ
694 3786 749 3852 καὶ
773 3787 898 3873 ἐχθρὸν
920 3797 961 3875 τᾷ
984 3789 1084 3872 φύσει
1112 3792 1149 3855 τὸ
1174 3792 1309 3874 ψεῦδος,
1335 3791 1356 3856 ἁ
1380 3788 1410 3855 δ’
1434 3791 1511 3874 άλη-

339 3903 417 3962 θεια
441 3899 564 3962 οἰκεῖον
588 3892 641 3960 καλ
661 3895 838 3978 σύμφυτον
860 3905 901 3982 τᾷ
923 3906 968 3960 τῶ
992 3893 1125 3982 ἀριθμῶ
1149 3907 1247 3983 γενεᾷ
1269 3896 1344 3960 ibid.

428 4003 483 4067 διά
512 4024 604 4077 τινας
632 4003 788 4084 τιμωρίας
815 3999 836 4066 ἁ
863 4003 953 4088 ψυχά
981 4010 1026 4089 τῷ
1058 4003 1183 4085 σάματι
1218 4000 1426 4079 συνέζευκται
1456 3998 1512 4064 καὶ

339 4109 489 4194 καθάπερ
514 4107 550 4172 έν
575 4107 692 4191 σάματι
716 4109 822 4198 τούτῳ
845 4108 1005 4175 τέθαπται
1028 4108 1190 4195 frg.14D
1212 4131 1242 4192 p.
1260 4107 1321 4172 181
1337 4106 1373 4170 B.

426 4214 683 4302 Anaxagoras.
734 4215 790 4281 καὶ,
821 4217 882 4281 ὅσα
914 4240 951 4300 γε
987 4219 1099 4302 φυγὴν
1133 4217 1199 4300 ἔχει
1235 4213 1290 4281 καὶ
1322 4215 1419 4298 μείζω
1456 4209 1512 4278 καλ

339 4319 479 4404 ἐλάσσω,
501 4322 635 4388 πάντων
658 4332 739 4400 νοῦς
760 4335 875 4407 κρατεῖ
896 4324 955 4409 frg.
973 4324 1013 4388 12
1029 4323 1127 4388 Diels.

427 4426 482 4493 καὶ
510 4429 549 4493 τὰ
576 4429 825 4514 συμμισγόμενά
854 4453 888 4496 τε
917 4428 972 4496 καὶ
1000 4429 1245 4516 άποκρινόμενα
1267 4426 1322 4495 καὶ
1347 4429 1513 4514 διακρινό-

339 4557 422 4621 μενα
444 4535 551 4603 πάντα
574 4537 659 4620 ἔγνω
683 4543 764 4614 νοῦς
786 4535 862 4600 ibid.
