3509 5325
737 456 958 521 ,55-

350 612 385 703 2)
417 614 585 681 Vooabnla
616 617 711 701 plane
743 612 871 681 inutilia
904 620 937 681 et
969 611 1204 703 supervacanea
1234 615 1436 683 Herodotum

261 721 426 808 seripsisse
449 727 486 787 ut
509 722 579 787 oola
597 727 797 807 exaequaret,
820 724 910 788 nullo
929 724 1026 788 modo
1045 726 1154 808 potest
1170 724 1310 808 probari,
1332 746 1436 808 neque

261 828 364 895 ullum
387 829 483 895 huius
506 829 698 895 elocutionis
722 830 904 913 exemplum
928 830 1009 895 milri
1033 831 1164 913 quidem
1188 829 1382 896 ooourrebat.
1482 912 1487 923 Ι

350 933 387 1024 3)
418 936 465 1002 Ut
488 935 601 1002 isoooli
628 956 723 1002 eausa
751 937 832 1002 mira
859 940 893 1001 et
919 936 1064 1002 inaudita
1085 936 1269 1003 Herodotus
1291 959 1369 1002 usus
1393 939 1437 1003 sit

261 1043 452 1128 elocutione,
475 1047 600 1109 tantum
624 1043 723 1129 abest,
745 1048 783 1108 ut
805 1043 892 1108 haud
914 1064 987 1109 raro
1010 1043 1089 1129 oola,
1113 1066 1195 1128 quae
1212 1043 1305 1109 facile
1328 1045 1436 1129 potuit

261 1172 452 1237 exaequare,
484 1172 687 1235 quacumque
717 1151 842 1215 ratione
874 1150 1053 1216 variaverit.
1099 1149 1171 1228 Qua
1197 1173 1231 1215 re
1258 1173 1332 1216 eum
1360 1148 1437 1216 Gor·

262 1258 349 1344 giam
372 1255 504 1323 minime
528 1261 673 1323 seoutnm
697 1279 765 1322 esse
789 1260 930 1342 apparet.
971 1256 1138 1323 Nonnulla
1159 1258 1224 1322 iam
1247 1280 1344 1343 supra
1365 1281 1437 1342 pro

261 1364 323 1429 tuli
347 1365 502 1450 exempla,
525 1384 628 1449 pauca
651 1367 688 1428 ut
711 1364 827 1429 elarius
850 1387 902 1430 res
925 1366 1057 1449 elueeat,
1079 1384 1166 1430 nuno
1188 1365 1315 1429 addam:

351 1473 426 1538 τόδε
458 1474 495 1537 τὸ
528 1470 626 1549 τόξον
658 1465 722 1537 ὧδε
752 1472 1004 1555 διατεινόμενον
1030 1469 1086 1537 καὶ
1113 1480 1158 1559 τῷ
1188 1474 1325 1556 ζωστῆρι
1352 1474 1436 1559 τῷδε

262 1579 343 1645 κατὰ
361 1578 439 1644 τάδε
460 1579 670 1662 ζωννύμενον
688 1576 736 1644 IV
750 1578 781 1663 9,
795 1578 851 1643 21:
875 1580 952 1643 τόδε
970 1578 1007 1644 τὸ
1026 1578 1123 1656 τόξον
1140 1577 1313 1663 respondet
1330 1577 1436 1644 verbis

262 1695 306 1773 τῷ
331 1692 469 1770 ζωστῆρι
492 1686 577 1769 τῷδε
601 1688 634 1749 et
655 1679 719 1749 ὧδε
742 1684 901 1750 vocabulo
923 1686 1006 1751 ιιατά
1029 1685 1116 1750 τόδε.

351 1790 406 1857 καὶ
430 1790 521 1876 σιμοὶ
543 1789 598 1857 καὶ
622 1790 733 1875 γένεια
755 1794 885 1877 ἔχοντες
903 1792 1040 1877 μεγάλα,
1061 1792 1180 1878 φωνὴν
1198 1788 1235 1857 δὲ
1258 1793 1348 1875 ἰδέην
1372 1789 1436 1857 λέν-

225 1888 227 1892 ’
262 1922 328 1983 τες,
358 1897 474 1983 έσδῆτι
501 1895 538 1964 δδ
565 1900 745 1984 χρεώμενοι
770 1903 941 1984 Σκυθικῆ,
969 1902 1085 1977 ζῶντες
1113 1895 1151 1965 δὲ
1179 1898 1242 1965 ἀπὸ
1267 1894 1435 1985 δενδρέων

262 2004 311 2071 IV
328 2006 381 2091 23,
401 2005 429 2069 l.

351 2118 528 2197 Αἰγινῆται
555 2107 593 2177 δὲ
620 2111 817 2198 εὐδαιμονίῃ
844 2134 878 2176 τε
906 2110 1032 2197 μεγάλῆ
1060 2108 1277 2195 ἐπαερθέντες
1303 2108 1358 2176 καὶ
1386 2113 1437 2196 ἔχ-

262 2226 348 2304 θρης
374 2223 515 2303 παλαιῆς
542 2215 811 2302 ἀναμνησθέντες
839 2216 978 2303 ἐχούσης
1007 2217 1039 2293 ές
1064 2212 1263 2301 Ἀθηναίους
1285 2215 1436 2300 V81‚5.

352 2326 388 2391 οέ
414 2321 451 2391 δὲ
477 2322 588 2403 Ἴωνες
618 2324 760 2410 δρῶντες
788 2326 867 2401 τοὺς
896 2321 957 2409 μὲν
987 2322 1217 2408 ἀμυνομένους
1246 2335 1312 2389 τῶν
1342 2330 1438 2389 πολε-

262 2435 348 2516 μίων
376 2434 453 2509 τοὺς
479 2427 517 2496 δέ
546 2434 608 2497 σὺν
636 2433 763 2513 πλῆθει·
786 2434 900 2519 πολλῷ
927 2428 1220 2515 προσφερομένους
1241 2429 1366 2515 V101,
1388 2432 1436 2496 16.

351 2539 390 2605 τὰ
409 2534 469 2623 μὲν
487 2539 576 2623 παρὰ
594 2547 655 2604 τοῦ
671 2535 827 2603 Ἱστιαίου
842 2538 961 2602 δοῦναι
980 2534 1125 2622 φέροντα
1144 2540 1233 2603 τοῖσί
1248 2559 1309 2619 περ
1329 2541 1438 2621 ἔφερε,

263 2646 302 2712 τὰ
325 2643 362 2712 δὲ
386 2645 543 2731 ἀμοιβαῖα
566 2646 605 2712 τὰ
628 2644 717 2730 παρὰ
740 2656 806 2711 τῶν
826 2641 985 2729 Περσέων
1008 2642 1276 2729 ἀντιπεμπόμενα
1294 2640 1422 2734 Ἱστιαό

264 2751 374 2842 ἑωυτῷ
399 2754 518 2820 δοῦναι
541 2751 588 2817 Ἦ
606 2753 638 2838 4,
653 2751 681 2817 l.

351 2861 465 2946 ἀρχειν
497 2883 532 2925 τε
565 2860 694 2925 εἵλοντο
727 2859 857 2945 λυπρὴν
895 2856 1058 2935 οἰκέοντες
1089 2863 1217 2943 μᾶλλον
1246 2856 1267 2940 ῆ
1297 2858 1437 2923 πεδιάδα

263 2969 453 3051 σπείροντες
476 2966 605 3031 ἄλλοισι
629 2966 802 3031 δουλεύειν
824 2965 871 3030 IX
893 2965 1036 3050 122,19.

353 3071 440 3148 Quae
463 3073 609 3156 exempla
632 3071 727 3137 facile
748 3066 886 3156 possunt
908 3072 1034 3157 augeri,
1061 3070 1117 3136 sed
1143 3071 1184 3135 iis
1212 3091 1293 3155 quae
1315 3070 1437 3155 protuli

263 3201 359 3263 quam
382 3201 511 3244 aversus
534 3178 632 3244 fuerit
653 3177 838 3244 Herodotus
856 3201 875 3243 a
894 3176 1111 3244 membrorum
1134 3175 1336 3261 aequalitate,
1359 3176 1437 3243 satis

263 3287 464 3372 perspicitur.

636 3463 664 3528 3.
697 3473 747 3528 De
770 3472 1059 3529 adnominatione.

351 3606 447 3673 Nune
470 3606 509 3671 de
532 3605 792 3671 adnominatione
811 3605 1036 3690 similibusque
1058 3603 1171 3692 figuris
1191 3604 1359 3671 dicendum
1379 3609 1437 3689 est,

264 3737 399 3799 quarum
422 3714 487 3777 iam
509 3712 677 3778 Platonem
704 3734 949 3796 nonnumquam
976 3712 1172 3776 mentionem
1199 3712 1313 3777 fecisse
1341 3735 1438 3796 supra

263 3821 411 3886 vidimus.
457 3819 578 3886 Tamen
601 3819 675 3886 illae
699 3841 827 3904 quoqne
850 3821 972 3907 figurae
990 3823 1064 3884 ante
1084 3816 1220 3904 Gorgiae
1238 3821 1385 3904 tempora
1402 3819 1437 3883 in

265 3926 458 3993 Graecorum
481 3927 598 3992 litteris
617 3949 683 3992 non
702 3926 880 3993 defuenmt.
926 3924 1049 4004 Quare
1068 3925 1215 4010 quaestio
1234 3926 1436 3991 subdifficilis

263 4036 404 4120 exsistit,
435 4038 544 4098 utrum
572 4033 756 4098 Herodotus
788 4032 823 4097 in
854 4032 1039 4117 usurpanda
1065 4033 1325 4098 adnominatione
1352 4055 1436 4098 oom-

264 4164 393 4207 munem
425 4139 689 4206 consuetudinem
726 4143 853 4204 seeutus
890 4161 930 4203 an
964 4136 1102 4226 Gorgiae
1137 4140 1295 4205 rationem
1331 4140 1437 4204 imita-

263 4249 392 4313 tussit.

353 4353 452 4419 Cuius
484 4355 606 4440 figurae
638 4352 702 4417 tria
732 4351 938 4436 potissimum
971 4373 1089 4438 genera
1120 4351 1201 4417 mihi
1230 4351 1437 4417 discernenda

263 4460 421 4526 videntur.
462 4458 529 4525 Aut
547 4480 641 4525 voees
660 4458 695 4522 in
713 4458 835 4523 similes
853 4458 972 4523 eadum
990 4458 1130 4543 syllabas
1150 4456 1436 4546 (homoeoteleuta)

264 4572 320 4633 aut
338 4571 408 4632 tota
427 4565 582 4632 voeabula
601 4569 676 4631 sunt
695 4565 822 4650 similia,
845 4565 902 4630 ubi
921 4564 1147 4654 distinguenda
1165 4564 1309 4630 eiusdem
1327 4563 1436 4650 stirpis
