<?xml version="1.0" encoding="UTF-8"?>
<!DOCTYPE html PUBLIC "-//W3C//DTD XHTML 1.0 Transitional//EN"
    "http://www.w3.org/TR/xhtml1/DTD/xhtml1-transitional.dtd">
<html xmlns="http://www.w3.org/1999/xhtml" xml:lang="en" lang="en">
 <head>
  <title>
</title>
<meta http-equiv="Content-Type" content="text/html;charset=utf-8" />
  <meta name='ocr-system' content='tesseract 3.04.00' />
  <meta name='ocr-capabilities' content='ocr_page ocr_carea ocr_par ocr_line ocrx_word'/>
</head>
<body>
  <div class='ocr_page' id='page_1' title='image "./deherodotielocu00wundgoog_0035.png"; bbox 0 0 3509 5325; ppageno 0'>
   <div class='ocr_carea' id='block_1_1' title="bbox 721 478 942 548">
    <p class='ocr_par' dir='ltr' id='par_1_1' title="bbox 721 478 942 548">
     <span class='ocr_line' id='line_1_1' title="bbox 721 478 942 548; baseline -0.005 -17"><span class='ocrx_word' id='word_1_1' title='bbox 721 478 942 548; x_wconf 63' lang='lat'><strong>..33.„</strong></span> 
     </span>
    </p>
   </div>
   <div class='ocr_carea' id='block_1_2' title="bbox 244 638 1418 1369">
    <p class='ocr_par' dir='ltr' id='par_1_2' title="bbox 244 638 1418 1369">
     <span class='ocr_line' id='line_1_2' title="bbox 246 638 1417 733; baseline 0 -24"><span class='ocrx_word' id='word_1_2' title='bbox 246 638 445 733; x_wconf 77' lang='grc' dir='ltr'><strong><em>(ἐξέπλωσας</em></strong></span> <span class='ocrx_word' id='word_1_3' title='bbox 458 654 525 709; x_wconf 82' lang='grc' dir='ltr'><strong><em>τῶν</em></strong></span> <span class='ocrx_word' id='word_1_4' title='bbox 545 656 678 728; x_wconf 79' lang='grc' dir='ltr'><strong><em>φρενῶν</em></strong></span> <span class='ocrx_word' id='word_1_5' title='bbox 697 648 729 711; x_wconf 89' lang='lat' dir='ltr'><strong>et</strong></span> <span class='ocrx_word' id='word_1_6' title='bbox 749 644 956 729; x_wconf 78' lang='grc' dir='ltr'><strong><em>ἐξαραίρηται</em></strong></span> <span class='ocrx_word' id='word_1_7' title='bbox 975 644 1011 707; x_wconf 92' lang='grc' dir='ltr'><strong><em>τὸ</em></strong></span> <span class='ocrx_word' id='word_1_8' title='bbox 1031 645 1088 725; x_wconf 80' lang='grc' dir='ltr'><strong><em>ἔαρ</em></strong></span> <span class='ocrx_word' id='word_1_9' title='bbox 1108 642 1144 707; x_wconf 88' lang='grc' dir='ltr'><strong>έκ</strong></span> <span class='ocrx_word' id='word_1_10' title='bbox 1157 652 1217 708; x_wconf 88' lang='grc' dir='ltr'><strong><em>τοῦ</em></strong></span> <span class='ocrx_word' id='word_1_11' title='bbox 1238 638 1417 729; x_wconf 80' lang='grc' dir='ltr'><strong><em>ἐνιαυτοῦ).</em></strong></span> 
     </span>
     <span class='ocr_line' id='line_1_3' title="bbox 245 750 1418 834; baseline 0 -19"><span class='ocrx_word' id='word_1_12' title='bbox 245 750 332 828; x_wconf 78' lang='lat' dir='ltr'><strong>Quae</strong></span> <span class='ocrx_word' id='word_1_13' title='bbox 356 772 430 817; x_wconf 87' lang='lat' dir='ltr'><strong>cum</strong></span> <span class='ocrx_word' id='word_1_14' title='bbox 454 750 670 834; x_wconf 77' lang='lat' dir='ltr'><strong>sophistarum</strong></span> <span class='ocrx_word' id='word_1_15' title='bbox 694 751 889 833; x_wconf 79' lang='lat' dir='ltr'><strong>elocutione,</strong></span> <span class='ocrx_word' id='word_1_16' title='bbox 912 750 967 832; x_wconf 94' lang='lat' dir='ltr'><strong>qui</strong></span> <span class='ocrx_word' id='word_1_17' title='bbox 989 771 1089 814; x_wconf 78' lang='lat' dir='ltr'><strong>novas</strong></span> <span class='ocrx_word' id='word_1_18' title='bbox 1117 754 1150 815; x_wconf 88' lang='lat' dir='ltr'><strong>et</strong></span> <span class='ocrx_word' id='word_1_19' title='bbox 1172 750 1331 815; x_wconf 85' lang='lat' dir='ltr'><strong>inauditas</strong></span> <span class='ocrx_word' id='word_1_20' title='bbox 1355 752 1418 815; x_wconf 85' lang='lat' dir='ltr'><strong>for-</strong></span> 
     </span>
     <span class='ocr_line' id='line_1_4' title="bbox 245 856 1418 941; baseline -0.002 -19"><span class='ocrx_word' id='word_1_21' title='bbox 245 862 415 923; x_wconf 86' lang='lat' dir='ltr'><strong>maverunt</strong></span> <span class='ocrx_word' id='word_1_22' title='bbox 437 857 677 941; x_wconf 72' lang='lat' dir='ltr'><strong>translationes,</strong></span> <span class='ocrx_word' id='word_1_23' title='bbox 705 856 883 940; x_wconf 87' lang='lat' dir='ltr'><strong>comparari</strong></span> <span class='ocrx_word' id='word_1_24' title='bbox 910 878 977 921; x_wconf 90' lang='lat' dir='ltr'><strong>non</strong></span> <span class='ocrx_word' id='word_1_25' title='bbox 998 878 1092 939; x_wconf 89' lang='lat' dir='ltr'><strong>posse</strong></span> <span class='ocrx_word' id='word_1_26' title='bbox 1117 860 1258 941; x_wconf 89' lang='lat' dir='ltr'><strong>apparet.</strong></span> <span class='ocrx_word' id='word_1_27' title='bbox 1303 856 1418 922; x_wconf 79' lang='lat' dir='ltr'><strong>Restat</strong></span> 
     </span>
     <span class='ocr_line' id='line_1_5' title="bbox 245 962 1418 1046; baseline -0.002 -17"><span class='ocrx_word' id='word_1_28' title='bbox 245 964 307 1029; x_wconf 90' lang='lat' dir='ltr'><strong>hoc</strong></span> <span class='ocrx_word' id='word_1_29' title='bbox 330 987 444 1028; x_wconf 91' lang='lat' dir='ltr'><strong>unum:</strong></span> <span class='ocrx_word' id='word_1_30' title='bbox 468 964 552 1029; x_wconf 81' lang='grc' dir='ltr'><strong><em>ὥστε</em></strong></span> <span class='ocrx_word' id='word_1_31' title='bbox 575 966 745 1039; x_wconf 79' lang='grc' dir='ltr'><strong><em>κατιόντος</em></strong></span> <span class='ocrx_word' id='word_1_32' title='bbox 767 974 827 1029; x_wconf 90' lang='grc' dir='ltr'><strong><em>τοῦ</em></strong></span> <span class='ocrx_word' id='word_1_33' title='bbox 848 970 944 1029; x_wconf 89' lang='grc' dir='ltr'><strong><em>οίνου</em></strong></span> <span class='ocrx_word' id='word_1_34' title='bbox 969 962 1002 1039; x_wconf 83' lang='grc' dir='ltr'><strong>ἐς</strong></span> <span class='ocrx_word' id='word_1_35' title='bbox 1024 965 1061 1027; x_wconf 89' lang='grc' dir='ltr'><strong><em>τὸ</em></strong></span> <span class='ocrx_word' id='word_1_36' title='bbox 1085 974 1177 1046; x_wconf 83' lang='grc' dir='ltr'><strong><em>σῶμα</em></strong></span> <span class='ocrx_word' id='word_1_37' title='bbox 1200 962 1418 1028; x_wconf 78' lang='grc' dir='ltr'><strong><em>ἐπαναπλέειν</em></strong></span> 
     </span>
     <span class='ocr_line' id='line_1_6' title="bbox 244 1068 1417 1157; baseline -0.002 -21"><span class='ocrx_word' id='word_1_38' title='bbox 244 1072 325 1154; x_wconf 74' lang='grc' dir='ltr'><strong><em>ὑμῖν</em></strong></span> <span class='ocrx_word' id='word_1_39' title='bbox 339 1074 416 1135; x_wconf 83' lang='grc' dir='ltr'><strong><em>ἐπεα</em></strong></span> <span class='ocrx_word' id='word_1_40' title='bbox 435 1070 528 1155; x_wconf 91' lang='grc' dir='ltr'><strong><em>κακά,</em></strong></span> <span class='ocrx_word' id='word_1_41' title='bbox 547 1092 611 1154; x_wconf 94' lang='lat' dir='ltr'><strong>quo</strong></span> <span class='ocrx_word' id='word_1_42' title='bbox 632 1071 667 1135; x_wconf 92' lang='lat' dir='ltr'><strong>in</strong></span> <span class='ocrx_word' id='word_1_43' title='bbox 685 1071 851 1135; x_wconf 88' lang='lat' dir='ltr'><strong>enuntiato</strong></span> <span class='ocrx_word' id='word_1_44' title='bbox 866 1068 1004 1155; x_wconf 87' lang='lat' dir='ltr'><strong>legimus</strong></span> <span class='ocrx_word' id='word_1_45' title='bbox 1019 1069 1235 1134; x_wconf 84' lang='lat' dir='ltr'><strong>elocutionem</strong></span> <span class='ocrx_word' id='word_1_46' title='bbox 1249 1068 1417 1157; x_wconf 79' lang='grc' dir='ltr'><strong><em>ἀμπελίνῳ</em></strong></span> 
     </span>
     <span class='ocr_line' id='line_1_7' title="bbox 244 1176 1417 1265; baseline -0.002 -24"><span class='ocrx_word' id='word_1_47' title='bbox 244 1186 374 1265; x_wconf 76' lang='grc' dir='ltr'><strong><em>καρπῷ,</em></strong></span> <span class='ocrx_word' id='word_1_48' title='bbox 407 1199 503 1260; x_wconf 90' lang='lat' dir='ltr'><strong>quam</strong></span> <span class='ocrx_word' id='word_1_49' title='bbox 535 1176 666 1243; x_wconf 51' lang='lat' dir='ltr'><strong>habere¹</strong></span> <span class='ocrx_word' id='word_1_50' title='bbox 685 1176 808 1260; x_wconf 90' lang='lat' dir='ltr'><strong>aliquid</strong></span> <span class='ocrx_word' id='word_1_51' title='bbox 840 1176 1026 1240; x_wconf 86' lang='lat' dir='ltr'><strong>offensionis</strong></span> <span class='ocrx_word' id='word_1_52' title='bbox 1054 1176 1118 1239; x_wconf 90' lang='lat' dir='ltr'><strong>iam</strong></span> <span class='ocrx_word' id='word_1_53' title='bbox 1146 1198 1243 1260; x_wconf 86' lang='lat' dir='ltr'><strong>supra</strong></span> <span class='ocrx_word' id='word_1_54' title='bbox 1269 1176 1417 1240; x_wconf 87' lang='lat' dir='ltr'><strong>vidimus.</strong></span> 
     </span>
     <span class='ocr_line' id='line_1_8' title="bbox 247 1280 1416 1369; baseline -0.002 -22"><span class='ocrx_word' id='word_1_55' title='bbox 247 1282 350 1360; x_wconf 79' lang='lat' dir='ltr'><strong>Quam</strong></span> <span class='ocrx_word' id='word_1_56' title='bbox 374 1284 415 1348; x_wconf 94' lang='lat' dir='ltr'><strong>ob</strong></span> <span class='ocrx_word' id='word_1_57' title='bbox 440 1304 569 1349; x_wconf 87' lang='lat' dir='ltr'><strong>causam</strong></span> <span class='ocrx_word' id='word_1_58' title='bbox 592 1284 685 1348; x_wconf 90' lang='lat' dir='ltr'><strong>illum</strong></span> <span class='ocrx_word' id='word_1_59' title='bbox 707 1283 815 1349; x_wconf 92' lang='lat' dir='ltr'><strong>locum</strong></span> <span class='ocrx_word' id='word_1_60' title='bbox 840 1280 869 1369; x_wconf 91' lang='grc' dir='ltr'><strong>(Ι</strong></span> <span class='ocrx_word' id='word_1_61' title='bbox 884 1280 964 1368; x_wconf 80' lang='grc'>212)</span> <span class='ocrx_word' id='word_1_62' title='bbox 988 1282 1167 1346; x_wconf 80' lang='lat' dir='ltr'><strong>accuratius</strong></span> <span class='ocrx_word' id='word_1_63' title='bbox 1190 1282 1416 1347; x_wconf 79' lang='lat' dir='ltr'><strong>examinemus.</strong></span> 
     </span>
    </p>
   </div>
   <div class='ocr_carea' id='block_1_3' title="bbox 245 1396 1419 2020">
    <p class='ocr_par' dir='ltr' id='par_1_3' title="bbox 245 1396 1419 2020">
     <span class='ocr_line' id='line_1_9' title="bbox 336 1396 1417 1485; baseline -0.001 -22"><span class='ocrx_word' id='word_1_64' title='bbox 336 1398 484 1483; x_wconf 78' lang='lat' dir='ltr'><strong>Tomyris</strong></span> <span class='ocrx_word' id='word_1_65' title='bbox 509 1398 764 1485; x_wconf 84' lang='lat' dir='ltr'><strong>Massagetarum</strong></span> <span class='ocrx_word' id='word_1_66' title='bbox 791 1399 928 1483; x_wconf 75' lang='lat' dir='ltr'><strong>regina,</strong></span> <span class='ocrx_word' id='word_1_67' title='bbox 945 1398 1036 1463; x_wconf 92' lang='lat' dir='ltr'><strong>cuius</strong></span> <span class='ocrx_word' id='word_1_68' title='bbox 1068 1398 1155 1462; x_wconf 90' lang='lat' dir='ltr'><strong>filius</strong></span> <span class='ocrx_word' id='word_1_69' title='bbox 1187 1399 1222 1462; x_wconf 94' lang='lat' dir='ltr'><strong>in</strong></span> <span class='ocrx_word' id='word_1_70' title='bbox 1248 1396 1417 1463; x_wconf 86' lang='lat' dir='ltr'><strong>Persarum</strong></span> 
     </span>
     <span class='ocr_line' id='line_1_10' title="bbox 245 1504 1418 1591; baseline 0 -22"><span class='ocrx_word' id='word_1_71' title='bbox 245 1506 399 1570; x_wconf 88' lang='lat' dir='ltr'><strong>inciderat</strong></span> <span class='ocrx_word' id='word_1_72' title='bbox 422 1527 549 1590; x_wconf 85' lang='lat' dir='ltr'><strong>manua,</strong></span> <span class='ocrx_word' id='word_1_73' title='bbox 576 1505 683 1591; x_wconf 91' lang='lat' dir='ltr'><strong>legato</strong></span> <span class='ocrx_word' id='word_1_74' title='bbox 712 1505 752 1569; x_wconf 90' lang='lat' dir='ltr'><strong>ad</strong></span> <span class='ocrx_word' id='word_1_75' title='bbox 776 1504 895 1589; x_wconf 78' lang='lat' dir='ltr'><strong>Cyrum</strong></span> <span class='ocrx_word' id='word_1_76' title='bbox 925 1505 1024 1570; x_wconf 92' lang='lat' dir='ltr'><strong>misso</strong></span> <span class='ocrx_word' id='word_1_77' title='bbox 1047 1506 1126 1569; x_wconf 87' lang='lat' dir='ltr'><strong>haec</strong></span> <span class='ocrx_word' id='word_1_78' title='bbox 1148 1504 1243 1568; x_wconf 83' lang='lat' dir='ltr'><strong>dixit:</strong></span> <span class='ocrx_word' id='word_1_79' title='bbox 1275 1506 1418 1589; x_wconf 77' lang='grc' dir='ltr'><strong><em>ἄπληστε</em></strong></span> 
     </span>
     <span class='ocr_line' id='line_1_11' title="bbox 245 1610 1418 1698; baseline -0.001 -22"><span class='ocrx_word' id='word_1_80' title='bbox 245 1613 381 1696; x_wconf 79' lang='grc' dir='ltr'><strong><em>αἵματος</em></strong></span> <span class='ocrx_word' id='word_1_81' title='bbox 409 1614 516 1697; x_wconf 84' lang='grc' dir='ltr'><strong><em>Κῦρε,</em></strong></span> <span class='ocrx_word' id='word_1_82' title='bbox 548 1610 652 1696; x_wconf 74' lang='grc' dir='ltr'><strong><em>μηδὲν</em></strong></span> <span class='ocrx_word' id='word_1_83' title='bbox 682 1612 845 1698; x_wconf 78' lang='grc' dir='ltr'><strong><em>έπαερθής</em></strong></span> <span class='ocrx_word' id='word_1_84' title='bbox 872 1621 918 1698; x_wconf 83' lang='grc' dir='ltr'><strong><em>τῳ</em></strong></span> <span class='ocrx_word' id='word_1_85' title='bbox 946 1614 1097 1694; x_wconf 80' lang='grc' dir='ltr'><strong><em>γεγονότι</em></strong></span> <span class='ocrx_word' id='word_1_86' title='bbox 1128 1613 1213 1698; x_wconf 77' lang='grc' dir='ltr'><strong><em>τῷδε</em></strong></span> <span class='ocrx_word' id='word_1_87' title='bbox 1243 1615 1418 1696; x_wconf 80' lang='grc' dir='ltr'><strong><em>πρήγματι,</em></strong></span> 
     </span>
     <span class='ocr_line' id='line_1_12' title="bbox 246 1716 1418 1807; baseline -0.002 -24"><span class='ocrx_word' id='word_1_88' title='bbox 246 1721 276 1783; x_wconf 90' lang='grc' dir='ltr'><strong>εί</strong></span> <span class='ocrx_word' id='word_1_89' title='bbox 307 1717 474 1807; x_wconf 76' lang='grc' dir='ltr'><strong><em>ἀμπελίνῳ</em></strong></span> <span class='ocrx_word' id='word_1_90' title='bbox 512 1728 643 1806; x_wconf 81' lang='grc' dir='ltr'><strong><em>καρπῳ,</em></strong></span> <span class='ocrx_word' id='word_1_91' title='bbox 678 1726 723 1806; x_wconf 76' lang='grc' dir='ltr'><strong><em>τῷ</em></strong></span> <span class='ocrx_word' id='word_1_92' title='bbox 761 1740 822 1802; x_wconf 90' lang='grc' dir='ltr'><strong>περ</strong></span> <span class='ocrx_word' id='word_1_93' title='bbox 855 1716 949 1783; x_wconf 81' lang='grc' dir='ltr'><strong><em>αὐτοὶ</em></strong></span> <span class='ocrx_word' id='word_1_94' title='bbox 982 1716 1219 1801; x_wconf 81' lang='grc' dir='ltr'><strong><em>ἐμπιπλάμενοι</em></strong></span> <span class='ocrx_word' id='word_1_95' title='bbox 1256 1722 1418 1801; x_wconf 82' lang='grc' dir='ltr'><strong><em>μαίνεσθε</em></strong></span> 
     </span>
     <span class='ocr_line' id='line_1_13' title="bbox 246 1821 1419 1907; baseline 0 -18"><span class='ocrx_word' id='word_1_96' title='bbox 246 1824 332 1890; x_wconf 75' lang='grc' dir='ltr'><strong><em>οὕτω</em></strong></span> <span class='ocrx_word' id='word_1_97' title='bbox 357 1826 440 1889; x_wconf 82' lang='grc' dir='ltr'><strong><em>ὥστε</em></strong></span> <span class='ocrx_word' id='word_1_98' title='bbox 463 1827 632 1902; x_wconf 80' lang='grc' dir='ltr'><strong><em>κατιόντος</em></strong></span> <span class='ocrx_word' id='word_1_99' title='bbox 655 1835 715 1890; x_wconf 91' lang='grc' dir='ltr'><strong><em>τοῦ</em></strong></span> <span class='ocrx_word' id='word_1_100' title='bbox 739 1831 834 1890; x_wconf 88' lang='grc' dir='ltr'><strong><em>οίνου</em></strong></span> <span class='ocrx_word' id='word_1_101' title='bbox 858 1824 891 1901; x_wconf 87' lang='grc' dir='ltr'><strong>ἐς</strong></span> <span class='ocrx_word' id='word_1_102' title='bbox 913 1824 950 1889; x_wconf 88' lang='grc' dir='ltr'><strong><em>τὸ</em></strong></span> <span class='ocrx_word' id='word_1_103' title='bbox 975 1834 1068 1907; x_wconf 84' lang='grc' dir='ltr'><strong><em>σῶμα</em></strong></span> <span class='ocrx_word' id='word_1_104' title='bbox 1094 1821 1310 1888; x_wconf 82' lang='grc' dir='ltr'><strong><em>ἐπαναπλέειν</em></strong></span> <span class='ocrx_word' id='word_1_105' title='bbox 1338 1822 1419 1907; x_wconf 78' lang='grc' dir='ltr'><strong><em>ὑμῖν</em></strong></span> 
     </span>
     <span class='ocr_line' id='line_1_14' title="bbox 247 1928 1418 2020; baseline -0.002 -25"><span class='ocrx_word' id='word_1_106' title='bbox 247 1932 325 1995; x_wconf 89' lang='grc' dir='ltr'><strong><em>έπεα</em></strong></span> <span class='ocrx_word' id='word_1_107' title='bbox 348 1932 448 2012; x_wconf 91' lang='grc' dir='ltr'><strong><em>κακά,</em></strong></span> <span class='ocrx_word' id='word_1_108' title='bbox 474 1932 613 2020; x_wconf 84' lang='grc' dir='ltr'><strong><em>τοιούτῳ</em></strong></span> <span class='ocrx_word' id='word_1_109' title='bbox 641 1932 803 2020; x_wconf 79' lang='grc' dir='ltr'><strong><em>φαρμάκῳ</em></strong></span> <span class='ocrx_word' id='word_1_110' title='bbox 832 1931 981 2007; x_wconf 79' lang='grc' dir='ltr'><strong><em>δολώσας</em></strong></span> <span class='ocrx_word' id='word_1_111' title='bbox 1009 1928 1188 2015; x_wconf 77' lang='grc' dir='ltr'><strong><em>ἐκράτησας</em></strong></span> <span class='ocrx_word' id='word_1_112' title='bbox 1213 1930 1332 2006; x_wconf 87' lang='grc' dir='ltr'><strong><em>παιδὸς</em></strong></span> <span class='ocrx_word' id='word_1_113' title='bbox 1359 1938 1418 1995; x_wconf 89' lang='grc' dir='ltr'><strong><em>τοῦ</em></strong></span> 
     </span>
    </p>
   </div>
   <div class='ocr_carea' id='block_1_4' title="bbox 246 2030 1421 3702">
    <p class='ocr_par' dir='ltr' id='par_1_4' title="bbox 246 2030 1421 3702">
     <span class='ocr_line' id='line_1_15' title="bbox 247 2030 1419 2123; baseline -0.003 -21"><span class='ocrx_word' id='word_1_114' title='bbox 247 2036 338 2120; x_wconf 86' lang='grc' dir='ltr'><strong><em>ἐμοῦ,</em></strong></span> <span class='ocrx_word' id='word_1_115' title='bbox 362 2035 434 2103; x_wconf 85' lang='grc' dir='ltr'><strong><em>ἀλλ’</em></strong></span> <span class='ocrx_word' id='word_1_116' title='bbox 461 2038 503 2103; x_wconf 87' lang='grc' dir='ltr'><strong>οὐ</strong></span> <span class='ocrx_word' id='word_1_117' title='bbox 526 2038 612 2123; x_wconf 80' lang='grc' dir='ltr'><strong><em>μάχη</em></strong></span> <span class='ocrx_word' id='word_1_118' title='bbox 636 2037 777 2103; x_wconf 84' lang='grc' dir='ltr'><strong><em>κατὰτὸ</em></strong></span> <span class='ocrx_word' id='word_1_119' title='bbox 801 2040 969 2122; x_wconf 90' lang='grc' dir='ltr'><strong><em>καρτερόν.</em></strong></span> <span class='ocrx_word' id='word_1_120' title='bbox 997 2045 1061 2101; x_wconf 91' lang='grc' dir='ltr'><strong>νῦν</strong></span> <span class='ocrx_word' id='word_1_121' title='bbox 1085 2032 1133 2100; x_wconf 83' lang='grc' dir='ltr'><strong>ὧν</strong></span> <span class='ocrx_word' id='word_1_122' title='bbox 1156 2059 1217 2119; x_wconf 87' lang='grc' dir='ltr'><strong>μευ</strong></span> <span class='ocrx_word' id='word_1_123' title='bbox 1241 2030 1279 2100; x_wconf 83' lang='grc' dir='ltr'><strong>εὖ</strong></span> <span class='ocrx_word' id='word_1_124' title='bbox 1301 2057 1419 2120; x_wconf 88' lang='grc' dir='ltr'><strong><em>παραι-</em></strong></span> 
     </span>
     <span class='ocr_line' id='line_1_16' title="bbox 246 2140 1419 2227; baseline -0.002 -18"><span class='ocrx_word' id='word_1_125' title='bbox 246 2145 389 2227; x_wconf 86' lang='grc' dir='ltr'><strong><em>νεούσης</em></strong></span> <span class='ocrx_word' id='word_1_126' title='bbox 411 2142 558 2227; x_wconf 84' lang='grc' dir='ltr'><strong><em>ὑπόλαβε</em></strong></span> <span class='ocrx_word' id='word_1_127' title='bbox 581 2145 640 2208; x_wconf 87' lang='grc' dir='ltr'><strong><em>τὸν</em></strong></span> <span class='ocrx_word' id='word_1_128' title='bbox 664 2146 778 2227; x_wconf 91' lang='grc' dir='ltr'><strong><em>λόγον·</em></strong></span> <span class='ocrx_word' id='word_1_129' title='bbox 807 2142 953 2219; x_wconf 87' lang='grc' dir='ltr'><strong><em>ἀποδούς</em></strong></span> <span class='ocrx_word' id='word_1_130' title='bbox 976 2167 1032 2226; x_wconf 90' lang='grc' dir='ltr'><strong>μοι</strong></span> <span class='ocrx_word' id='word_1_131' title='bbox 1055 2144 1114 2207; x_wconf 88' lang='grc' dir='ltr'><strong><em>τὸν</em></strong></span> <span class='ocrx_word' id='word_1_132' title='bbox 1137 2144 1239 2207; x_wconf 79' lang='grc' dir='ltr'><strong><em>παῖδα</em></strong></span> <span class='ocrx_word' id='word_1_133' title='bbox 1262 2143 1359 2207; x_wconf 85' lang='grc' dir='ltr'><strong><em>άπιθι</em></strong></span> <span class='ocrx_word' id='word_1_134' title='bbox 1383 2140 1419 2207; x_wconf 89' lang='grc' dir='ltr'><strong>ἐκ</strong></span> 
     </span>
     <span class='ocr_line' id='line_1_17' title="bbox 246 2247 1419 2336; baseline -0.002 -22"><span class='ocrx_word' id='word_1_135' title='bbox 246 2251 344 2333; x_wconf 84' lang='grc' dir='ltr'><strong><em>τήσδε</em></strong></span> <span class='ocrx_word' id='word_1_136' title='bbox 359 2260 415 2333; x_wconf 76' lang='grc' dir='ltr'><strong><em>τῆς</em></strong></span> <span class='ocrx_word' id='word_1_137' title='bbox 429 2248 536 2336; x_wconf 84' lang='grc' dir='ltr'><strong><em>χώρης</em></strong></span> <span class='ocrx_word' id='word_1_138' title='bbox 550 2248 693 2334; x_wconf 80' lang='grc' dir='ltr'><strong><em>ἀζήμιος,</em></strong></span> <span class='ocrx_word' id='word_1_139' title='bbox 707 2247 955 2331; x_wconf 83' lang='grc' dir='ltr'><strong><em>Μασσαγετέων</em></strong></span> <span class='ocrx_word' id='word_1_140' title='bbox 973 2249 1180 2333; x_wconf 76' lang='grc' dir='ltr'><strong><em>τριτημορίδι</em></strong></span> <span class='ocrx_word' id='word_1_141' title='bbox 1198 2257 1258 2313; x_wconf 88' lang='grc' dir='ltr'><strong><em>τοῦ</em></strong></span> <span class='ocrx_word' id='word_1_142' title='bbox 1278 2257 1419 2332; x_wconf 88' lang='grc' dir='ltr'><strong><em>στρατοῦ</em></strong></span> 
     </span>
     <span class='ocr_line' id='line_1_18' title="bbox 247 2352 1420 2442; baseline -0.001 -22"><span class='ocrx_word' id='word_1_143' title='bbox 247 2359 455 2442; x_wconf 80' lang='grc' dir='ltr'><strong><em>κατυβρίσας.</em></strong></span> <span class='ocrx_word' id='word_1_144' title='bbox 488 2359 518 2420; x_wconf 89' lang='grc' dir='ltr'><strong>εί</strong></span> <span class='ocrx_word' id='word_1_145' title='bbox 540 2352 577 2421; x_wconf 72' lang='grc' dir='ltr'><strong><em>δέ</em></strong></span> <span class='ocrx_word' id='word_1_146' title='bbox 605 2366 708 2422; x_wconf 87' lang='grc' dir='ltr'><strong><em>ταῦτα</em></strong></span> <span class='ocrx_word' id='word_1_147' title='bbox 731 2356 772 2421; x_wconf 86' lang='grc' dir='ltr'><strong>οὐ</strong></span> <span class='ocrx_word' id='word_1_148' title='bbox 795 2357 958 2439; x_wconf 88' lang='grc' dir='ltr'><strong><em>ποιήσεις,</em></strong></span> <span class='ocrx_word' id='word_1_149' title='bbox 980 2355 1076 2438; x_wconf 84' lang='grc' dir='ltr'><strong><em>ήλιον</em></strong></span> <span class='ocrx_word' id='word_1_150' title='bbox 1100 2354 1267 2439; x_wconf 85' lang='grc' dir='ltr'><strong><em>ἐπόμνυμί</em></strong></span> <span class='ocrx_word' id='word_1_151' title='bbox 1286 2378 1337 2420; x_wconf 95' lang='grc' dir='ltr'><strong><em>τοι</em></strong></span> <span class='ocrx_word' id='word_1_152' title='bbox 1361 2357 1420 2420; x_wconf 89' lang='grc' dir='ltr'><strong><em>τὸν</em></strong></span> 
     </span>
     <span class='ocr_line' id='line_1_19' title="bbox 246 2457 1419 2546; baseline -0.003 -18"><span class='ocrx_word' id='word_1_153' title='bbox 246 2460 492 2546; x_wconf 85' lang='grc' dir='ltr'><strong><em>Μασσαγετέων</em></strong></span> <span class='ocrx_word' id='word_1_154' title='bbox 520 2464 698 2545; x_wconf 77' lang='grc' dir='ltr'><strong><em>δεσπότην,</em></strong></span> <span class='ocrx_word' id='word_1_155' title='bbox 732 2457 752 2545; x_wconf 81' lang='grc' dir='ltr'><strong><em>ή</em></strong></span> <span class='ocrx_word' id='word_1_156' title='bbox 784 2460 843 2545; x_wconf 91' lang='grc' dir='ltr'><strong>μέν</strong></span> <span class='ocrx_word' id='word_1_157' title='bbox 876 2479 913 2525; x_wconf 87' lang='grc' dir='ltr'><strong>σε</strong></span> <span class='ocrx_word' id='word_1_158' title='bbox 947 2460 1010 2543; x_wconf 85' lang='grc' dir='ltr'><strong>ἐγὼ</strong></span> <span class='ocrx_word' id='word_1_159' title='bbox 1041 2459 1095 2525; x_wconf 84' lang='grc' dir='ltr'><strong><em>καὶ</em></strong></span> <span class='ocrx_word' id='word_1_160' title='bbox 1128 2462 1296 2544; x_wconf 85' lang='grc' dir='ltr'><strong><em>ἀπληστον</em></strong></span> <span class='ocrx_word' id='word_1_161' title='bbox 1323 2460 1419 2526; x_wconf 84' lang='grc' dir='ltr'><strong><em>ἐόντα</em></strong></span> 
     </span>
     <span class='ocr_line' id='line_1_20' title="bbox 247 2566 1419 2655; baseline -0.002 -22"><span class='ocrx_word' id='word_1_162' title='bbox 247 2571 382 2654; x_wconf 80' lang='grc' dir='ltr'><strong><em>αἵματος</em></strong></span> <span class='ocrx_word' id='word_1_163' title='bbox 413 2567 548 2655; x_wconf 90' lang='grc' dir='ltr'><strong><em>κορέσω.</em></strong></span> <span class='ocrx_word' id='word_1_164' title='bbox 595 2567 693 2633; x_wconf 78' lang='lat' dir='ltr'><strong>Cuius</strong></span> <span class='ocrx_word' id='word_1_165' title='bbox 727 2568 882 2632; x_wconf 87' lang='lat' dir='ltr'><strong>orationis</strong></span> <span class='ocrx_word' id='word_1_166' title='bbox 913 2566 1011 2632; x_wconf 89' lang='lat' dir='ltr'><strong>elatio</strong></span> <span class='ocrx_word' id='word_1_167' title='bbox 1039 2571 1135 2650; x_wconf 86' lang='lat' dir='ltr'><strong>atque</strong></span> <span class='ocrx_word' id='word_1_168' title='bbox 1163 2568 1300 2631; x_wconf 88' lang='lat' dir='ltr'><strong>altitudo</strong></span> <span class='ocrx_word' id='word_1_169' title='bbox 1330 2567 1419 2631; x_wconf 92' lang='lat' dir='ltr'><strong>illico</strong></span> 
     </span>
     <span class='ocr_line' id='line_1_21' title="bbox 247 2675 1419 2763; baseline -0.002 -23"><span class='ocrx_word' id='word_1_170' title='bbox 247 2681 295 2741; x_wconf 88' lang='lat' dir='ltr'><strong>est</strong></span> <span class='ocrx_word' id='word_1_171' title='bbox 318 2677 502 2763; x_wconf 87' lang='lat' dir='ltr'><strong>manifesta;</strong></span> <span class='ocrx_word' id='word_1_172' title='bbox 524 2680 634 2742; x_wconf 92' lang='lat' dir='ltr'><strong>tamen</strong></span> <span class='ocrx_word' id='word_1_173' title='bbox 656 2698 697 2740; x_wconf 93' lang='lat' dir='ltr'><strong>an</strong></span> <span class='ocrx_word' id='word_1_174' title='bbox 719 2698 786 2740; x_wconf 90' lang='lat' dir='ltr'><strong>non</strong></span> <span class='ocrx_word' id='word_1_175' title='bbox 809 2697 882 2741; x_wconf 92' lang='lat' dir='ltr'><strong>cum</strong></span> <span class='ocrx_word' id='word_1_176' title='bbox 906 2675 1123 2760; x_wconf 84' lang='lat' dir='ltr'><strong>sophistarum</strong></span> <span class='ocrx_word' id='word_1_177' title='bbox 1151 2697 1266 2760; x_wconf 89' lang='lat' dir='ltr'><strong>genere</strong></span> <span class='ocrx_word' id='word_1_178' title='bbox 1294 2675 1419 2739; x_wconf 89' lang='lat' dir='ltr'><strong>dicendi</strong></span> 
     </span>
     <span class='ocr_line' id='line_1_22' title="bbox 247 2782 1419 2870; baseline -0.001 -23"><span class='ocrx_word' id='word_1_179' title='bbox 247 2784 351 2868; x_wconf 90' lang='lat' dir='ltr'><strong>possit</strong></span> <span class='ocrx_word' id='word_1_180' title='bbox 379 2784 531 2870; x_wconf 91' lang='lat' dir='ltr'><strong>componi</strong></span> <span class='ocrx_word' id='word_1_181' title='bbox 563 2784 654 2848; x_wconf 85' lang='lat' dir='ltr'><strong>valde</strong></span> <span class='ocrx_word' id='word_1_182' title='bbox 686 2783 820 2849; x_wconf 86' lang='lat' dir='ltr'><strong>haesito.</strong></span> <span class='ocrx_word' id='word_1_183' title='bbox 865 2782 1014 2867; x_wconf 82' lang='lat' dir='ltr'><strong>Tomyris</strong></span> <span class='ocrx_word' id='word_1_184' title='bbox 1046 2783 1132 2846; x_wconf 92' lang='lat' dir='ltr'><strong>enim</strong></span> <span class='ocrx_word' id='word_1_185' title='bbox 1165 2804 1310 2846; x_wconf 89' lang='lat' dir='ltr'><strong>sermone</strong></span> <span class='ocrx_word' id='word_1_186' title='bbox 1342 2803 1419 2846; x_wconf 91' lang='lat' dir='ltr'><strong>usus</strong></span> 
     </span>
     <span class='ocr_line' id='line_1_23' title="bbox 248 2889 1420 2974; baseline -0.003 -20"><span class='ocrx_word' id='word_1_187' title='bbox 248 2895 296 2955; x_wconf 91' lang='lat' dir='ltr'><strong>est</strong></span> <span class='ocrx_word' id='word_1_188' title='bbox 318 2913 392 2956; x_wconf 85' lang='lat' dir='ltr'><strong>vere</strong></span> <span class='ocrx_word' id='word_1_189' title='bbox 416 2891 540 2956; x_wconf 86' lang='lat' dir='ltr'><strong>ardenti</strong></span> <span class='ocrx_word' id='word_1_190' title='bbox 564 2895 595 2955; x_wconf 93' lang='lat' dir='ltr'><strong>et</strong></span> <span class='ocrx_word' id='word_1_191' title='bbox 620 2891 791 2974; x_wconf 89' lang='lat' dir='ltr'><strong>concitato,</strong></span> <span class='ocrx_word' id='word_1_192' title='bbox 815 2894 926 2956; x_wconf 88' lang='lat' dir='ltr'><strong>contra</strong></span> <span class='ocrx_word' id='word_1_193' title='bbox 948 2889 982 2951; x_wconf 91' lang='lat' dir='ltr'><strong>id</strong></span> <span class='ocrx_word' id='word_1_194' title='bbox 1004 2889 1111 2972; x_wconf 90' lang='lat' dir='ltr'><strong>ipsum</strong></span> <span class='ocrx_word' id='word_1_195' title='bbox 1130 2889 1297 2973; x_wconf 90' lang='lat' dir='ltr'><strong>proprium</strong></span> <span class='ocrx_word' id='word_1_196' title='bbox 1316 2891 1365 2953; x_wconf 89' lang='lat' dir='ltr'><strong>est</strong></span> <span class='ocrx_word' id='word_1_197' title='bbox 1383 2909 1420 2952; x_wconf 87' lang='lat' dir='ltr'><strong>ac</strong></span> 
     </span>
     <span class='ocr_line' id='line_1_24' title="bbox 247 2994 1420 3081; baseline -0.002 -20"><span class='ocrx_word' id='word_1_198' title='bbox 247 2997 407 3080; x_wconf 90' lang='lat' dir='ltr'><strong>peculiare</strong></span> <span class='ocrx_word' id='word_1_199' title='bbox 431 2997 649 3081; x_wconf 89' lang='lat' dir='ltr'><strong>sophistarum</strong></span> <span class='ocrx_word' id='word_1_200' title='bbox 674 2996 834 3079; x_wconf 91' lang='lat' dir='ltr'><strong>dictionis,</strong></span> <span class='ocrx_word' id='word_1_201' title='bbox 857 2994 944 3078; x_wconf 93' lang='lat' dir='ltr'><strong>quod</strong></span> <span class='ocrx_word' id='word_1_202' title='bbox 961 2995 1219 3080; x_wconf 84' lang='lat' dir='ltr'><strong>magnificentius</strong></span> <span class='ocrx_word' id='word_1_203' title='bbox 1239 2994 1420 3059; x_wconf 91' lang='lat' dir='ltr'><strong>sublimius-</strong></span> 
     </span>
     <span class='ocr_line' id='line_1_25' title="bbox 248 3098 1420 3187; baseline -0.003 -19"><span class='ocrx_word' id='word_1_204' title='bbox 248 3126 310 3187; x_wconf 86' lang='lat' dir='ltr'><strong>que</strong></span> <span class='ocrx_word' id='word_1_205' title='bbox 332 3104 434 3168; x_wconf 91' lang='lat' dir='ltr'><strong>locuti</strong></span> <span class='ocrx_word' id='word_1_206' title='bbox 457 3106 531 3169; x_wconf 90' lang='lat' dir='ltr'><strong>sunt</strong></span> <span class='ocrx_word' id='word_1_207' title='bbox 555 3105 593 3168; x_wconf 91' lang='lat' dir='ltr'><strong>de</strong></span> <span class='ocrx_word' id='word_1_208' title='bbox 616 3102 711 3168; x_wconf 90' lang='lat' dir='ltr'><strong>rebus</strong></span> <span class='ocrx_word' id='word_1_209' title='bbox 729 3101 911 3168; x_wconf 85' lang='lat' dir='ltr'><strong>levissimis.</strong></span> <span class='ocrx_word' id='word_1_210' title='bbox 957 3100 1105 3184; x_wconf 85' lang='lat' dir='ltr'><strong>Tomyris</strong></span> <span class='ocrx_word' id='word_1_211' title='bbox 1124 3104 1231 3165; x_wconf 87' lang='lat' dir='ltr'><strong>autem</strong></span> <span class='ocrx_word' id='word_1_212' title='bbox 1249 3100 1307 3164; x_wconf 91' lang='lat' dir='ltr'><strong>illa</strong></span> <span class='ocrx_word' id='word_1_213' title='bbox 1324 3098 1420 3164; x_wconf 82' lang='lat' dir='ltr'><strong>verba</strong></span> 
     </span>
     <span class='ocr_line' id='line_1_26' title="bbox 250 3205 1418 3294; baseline -0.004 -20"><span class='ocrx_word' id='word_1_214' title='bbox 250 3211 429 3294; x_wconf 91' lang='lat' dir='ltr'><strong>comparari</strong></span> <span class='ocrx_word' id='word_1_215' title='bbox 460 3233 527 3275; x_wconf 91' lang='lat' dir='ltr'><strong>non</strong></span> <span class='ocrx_word' id='word_1_216' title='bbox 558 3213 693 3294; x_wconf 90' lang='lat' dir='ltr'><strong>possunt</strong></span> <span class='ocrx_word' id='word_1_217' title='bbox 724 3209 788 3273; x_wconf 90' lang='lat' dir='ltr'><strong>nisi</strong></span> <span class='ocrx_word' id='word_1_218' title='bbox 826 3230 898 3273; x_wconf 92' lang='lat' dir='ltr'><strong>cum</strong></span> <span class='ocrx_word' id='word_1_219' title='bbox 935 3208 1058 3293; x_wconf 89' lang='lat' dir='ltr'><strong>tragica</strong></span> <span class='ocrx_word' id='word_1_220' title='bbox 1094 3205 1230 3290; x_wconf 88' lang='lat' dir='ltr'><strong>quadam</strong></span> <span class='ocrx_word' id='word_1_221' title='bbox 1267 3208 1418 3271; x_wconf 90' lang='lat' dir='ltr'><strong>oratione.</strong></span> 
     </span>
     <span class='ocr_line' id='line_1_27' title="bbox 249 3313 1421 3399; baseline -0.003 -19"><span class='ocrx_word' id='word_1_222' title='bbox 249 3315 337 3392; x_wconf 83' lang='lat' dir='ltr'><strong>Quae</strong></span> <span class='ocrx_word' id='word_1_223' title='bbox 360 3338 433 3380; x_wconf 87' lang='lat' dir='ltr'><strong>cum</strong></span> <span class='ocrx_word' id='word_1_224' title='bbox 457 3317 503 3381; x_wconf 85' lang='lat' dir='ltr'><strong>ita</strong></span> <span class='ocrx_word' id='word_1_225' title='bbox 526 3317 591 3381; x_wconf 91' lang='lat' dir='ltr'><strong>sint</strong></span> <span class='ocrx_word' id='word_1_226' title='bbox 616 3316 697 3382; x_wconf 92' lang='lat' dir='ltr'><strong>mihi</strong></span> <span class='ocrx_word' id='word_1_227' title='bbox 725 3316 854 3399; x_wconf 90' lang='lat' dir='ltr'><strong>quidem</strong></span> <span class='ocrx_word' id='word_1_228' title='bbox 882 3315 985 3378; x_wconf 91' lang='lat' dir='ltr'><strong>multo</strong></span> <span class='ocrx_word' id='word_1_229' title='bbox 1014 3313 1272 3379; x_wconf 87' lang='lat' dir='ltr'><strong>versimillimum</strong></span> <span class='ocrx_word' id='word_1_230' title='bbox 1294 3313 1421 3377; x_wconf 87' lang='lat' dir='ltr'><strong>videtur</strong></span> 
     </span>
     <span class='ocr_line' id='line_1_28' title="bbox 248 3420 1420 3506; baseline -0.004 -19"><span class='ocrx_word' id='word_1_231' title='bbox 248 3421 450 3487; x_wconf 90' lang='lat' dir='ltr'><strong>Herodotum</strong></span> <span class='ocrx_word' id='word_1_232' title='bbox 474 3423 563 3487; x_wconf 88' lang='lat' dir='ltr'><strong>illam</strong></span> <span class='ocrx_word' id='word_1_233' title='bbox 587 3444 714 3506; x_wconf 89' lang='lat' dir='ltr'><strong>quoque</strong></span> <span class='ocrx_word' id='word_1_234' title='bbox 737 3421 980 3486; x_wconf 90' lang='lat' dir='ltr'><strong>translationem</strong></span> <span class='ocrx_word' id='word_1_235' title='bbox 1003 3442 1022 3482; x_wconf 90' lang='lat' dir='ltr'><strong>a</strong></span> <span class='ocrx_word' id='word_1_236' title='bbox 1045 3420 1211 3506; x_wconf 84' lang='lat' dir='ltr'><strong>tragoedia</strong></span> <span class='ocrx_word' id='word_1_237' title='bbox 1238 3423 1420 3483; x_wconf 89' lang='lat' dir='ltr'><strong>mutuatum</strong></span> 
     </span>
     <span class='ocr_line' id='line_1_29' title="bbox 249 3525 1420 3616; baseline -0.003 -23"><span class='ocrx_word' id='word_1_238' title='bbox 249 3527 358 3616; x_wconf 69' lang='lat' dir='ltr'><strong>essel).</strong></span> <span class='ocrx_word' id='word_1_239' title='bbox 403 3528 612 3613; x_wconf 85' lang='lat' dir='ltr'><strong>Asophistis</strong></span> <span class='ocrx_word' id='word_1_240' title='bbox 640 3528 721 3594; x_wconf 87' lang='lat' dir='ltr'><strong>illud</strong></span> <span class='ocrx_word' id='word_1_241' title='bbox 748 3529 919 3594; x_wconf 87' lang='lat' dir='ltr'><strong>vehemens</strong></span> <span class='ocrx_word' id='word_1_242' title='bbox 952 3531 985 3592; x_wconf 90' lang='lat' dir='ltr'><strong>et</strong></span> <span class='ocrx_word' id='word_1_243' title='bbox 1016 3527 1129 3592; x_wconf 89' lang='lat' dir='ltr'><strong>ardens</strong></span> <span class='ocrx_word' id='word_1_244' title='bbox 1162 3525 1286 3592; x_wconf 91' lang='lat' dir='ltr'><strong>dicendi</strong></span> <span class='ocrx_word' id='word_1_245' title='bbox 1319 3548 1420 3612; x_wconf 89' lang='lat' dir='ltr'><strong>genus</strong></span> 
     </span>
     <span class='ocr_line' id='line_1_30' title="bbox 250 3635 566 3702; baseline 0 -3"><span class='ocrx_word' id='word_1_246' title='bbox 250 3640 335 3701; x_wconf 87' lang='lat' dir='ltr'><strong>certe</strong></span> <span class='ocrx_word' id='word_1_247' title='bbox 357 3658 423 3700; x_wconf 88' lang='lat' dir='ltr'><strong>non</strong></span> <span class='ocrx_word' id='word_1_248' title='bbox 446 3635 566 3702; x_wconf 89' lang='lat' dir='ltr'><strong>didicit.</strong></span> 
     </span>
    </p>
   </div>
   <div class='ocr_carea' id='block_1_5' title="bbox 281 3846 1393 3936">
    <p class='ocr_par' dir='ltr' id='par_1_5' title="bbox 281 3846 1393 3936">
     <span class='ocr_line' id='line_1_31' title="bbox 281 3846 1393 3936; baseline 0 -22"><span class='ocrx_word' id='word_1_249' title='bbox 281 3846 317 3936; x_wconf 88' lang='lat' dir='ltr'><strong>b)</strong></span> <span class='ocrx_word' id='word_1_250' title='bbox 341 3848 394 3914; x_wconf 91' lang='lat' dir='ltr'><strong>De</strong></span> <span class='ocrx_word' id='word_1_251' title='bbox 417 3849 531 3914; x_wconf 88' lang='lat' dir='ltr'><strong>rebus</strong></span> <span class='ocrx_word' id='word_1_252' title='bbox 555 3849 736 3913; x_wconf 87' lang='lat' dir='ltr'><strong>inanimis</strong></span> <span class='ocrx_word' id='word_1_253' title='bbox 759 3849 922 3914; x_wconf 87' lang='lat' dir='ltr'><strong>humana</strong></span> <span class='ocrx_word' id='word_1_254' title='bbox 944 3852 1081 3914; x_wconf 88' lang='lat' dir='ltr'><strong>natura</strong></span> <span class='ocrx_word' id='word_1_255' title='bbox 1103 3847 1213 3932; x_wconf 90' lang='lat' dir='ltr'><strong>quasi</strong></span> <span class='ocrx_word' id='word_1_256' title='bbox 1236 3846 1393 3914; x_wconf 87' lang='lat' dir='ltr'><strong>indutis.</strong></span> 
     </span>
    </p>
   </div>
   <div class='ocr_carea' id='block_1_6' title="bbox 251 3998 1421 4192">
    <p class='ocr_par' dir='ltr' id='par_1_6' title="bbox 251 3998 1421 4192">
     <span class='ocr_line' id='line_1_32' title="bbox 340 3998 1420 4085; baseline -0.003 -21"><span class='ocrx_word' id='word_1_257' title='bbox 340 3999 540 4084; x_wconf 79' lang='lat' dir='ltr'><strong>Quicumque</strong></span> <span class='ocrx_word' id='word_1_258' title='bbox 562 4000 779 4084; x_wconf 86' lang='lat' dir='ltr'><strong>sophistarum</strong></span> <span class='ocrx_word' id='word_1_259' title='bbox 798 3999 951 4083; x_wconf 89' lang='lat' dir='ltr'><strong>reliquias</strong></span> <span class='ocrx_word' id='word_1_260' title='bbox 969 3998 1115 4085; x_wconf 82' lang='lat' dir='ltr'><strong>perlegit,</strong></span> <span class='ocrx_word' id='word_1_261' title='bbox 1138 4000 1273 4063; x_wconf 86' lang='lat' dir='ltr'><strong>alterum</strong></span> <span class='ocrx_word' id='word_1_262' title='bbox 1293 4018 1420 4081; x_wconf 91' lang='lat' dir='ltr'><strong>quoque</strong></span> 
     </span>
     <span class='ocr_line' id='line_1_33' title="bbox 251 4104 1421 4192; baseline 0 -24"><span class='ocrx_word' id='word_1_263' title='bbox 251 4107 441 4172; x_wconf 89' lang='lat' dir='ltr'><strong>elocutionis</strong></span> <span class='ocrx_word' id='word_1_264' title='bbox 461 4127 563 4192; x_wconf 90' lang='lat' dir='ltr'><strong>genus</strong></span> <span class='ocrx_word' id='word_1_265' title='bbox 585 4106 738 4171; x_wconf 89' lang='lat' dir='ltr'><strong>orationis</strong></span> <span class='ocrx_word' id='word_1_266' title='bbox 754 4106 948 4191; x_wconf 85' lang='lat' dir='ltr'><strong>sophisticas</strong></span> <span class='ocrx_word' id='word_1_267' title='bbox 961 4107 1088 4192; x_wconf 90' lang='lat' dir='ltr'><strong>insigne</strong></span> <span class='ocrx_word' id='word_1_268' title='bbox 1103 4128 1170 4171; x_wconf 87' lang='lat' dir='ltr'><strong>esse</strong></span> <span class='ocrx_word' id='word_1_269' title='bbox 1185 4104 1270 4169; x_wconf 90' lang='lat' dir='ltr'><strong>haud</strong></span> <span class='ocrx_word' id='word_1_270' title='bbox 1285 4106 1421 4190; x_wconf 87' lang='lat' dir='ltr'><strong>ignorat,</strong></span> 
     </span>
    </p>
   </div>
   <div class='ocr_carea' id='block_1_7' title="bbox 250 4321 1421 4670">
    <p class='ocr_par' dir='ltr' id='par_1_7' title="bbox 250 4321 1421 4670">
     <span class='ocr_line' id='line_1_34' title="bbox 341 4321 1421 4404; baseline -0.001 -18"><span class='ocrx_word' id='word_1_271' title='bbox 341 4340 366 4404; x_wconf 84' lang='lat'><strong>1)</strong></span> <span class='ocrx_word' id='word_1_272' title='bbox 385 4333 519 4404; x_wconf 83' lang='lat' dir='ltr'><strong>Tragicos</strong></span> <span class='ocrx_word' id='word_1_273' title='bbox 541 4321 640 4404; x_wconf 88' lang='lat' dir='ltr'><strong>poetas</strong></span> <span class='ocrx_word' id='word_1_274' title='bbox 663 4333 881 4388; x_wconf 88' lang='lat' dir='ltr'><strong>translationum</strong></span> <span class='ocrx_word' id='word_1_275' title='bbox 900 4349 917 4388; x_wconf 88' lang='lat' dir='ltr'><strong>a</strong></span> <span class='ocrx_word' id='word_1_276' title='bbox 934 4334 1006 4388; x_wconf 87' lang='lat' dir='ltr'><strong>mari</strong></span> <span class='ocrx_word' id='word_1_277' title='bbox 1029 4335 1059 4388; x_wconf 89' lang='lat' dir='ltr'><strong>et</strong></span> <span class='ocrx_word' id='word_1_278' title='bbox 1080 4332 1163 4387; x_wconf 90' lang='lat' dir='ltr'><strong>rebus</strong></span> <span class='ocrx_word' id='word_1_279' title='bbox 1183 4333 1331 4386; x_wconf 88' lang='lat' dir='ltr'><strong>navalibus</strong></span> <span class='ocrx_word' id='word_1_280' title='bbox 1349 4332 1421 4401; x_wconf 89' lang='lat' dir='ltr'><strong>peti-</strong></span> 
     </span>
     <span class='ocr_line' id='line_1_35' title="bbox 250 4411 1421 4491; baseline -0.002 -15"><span class='ocrx_word' id='word_1_281' title='bbox 250 4411 343 4476; x_wconf 85' lang='lat' dir='ltr'><strong>tarum</strong></span> <span class='ocrx_word' id='word_1_282' title='bbox 357 4423 496 4477; x_wconf 87' lang='lat' dir='ltr'><strong>studiosos</strong></span> <span class='ocrx_word' id='word_1_283' title='bbox 515 4423 602 4478; x_wconf 86' lang='lat' dir='ltr'><strong>fuisse</strong></span> <span class='ocrx_word' id='word_1_284' title='bbox 620 4423 694 4476; x_wconf 88' lang='lat' dir='ltr'><strong>inter</strong></span> <span class='ocrx_word' id='word_1_285' title='bbox 708 4439 802 4477; x_wconf 89' lang='lat' dir='ltr'><strong>omnes</strong></span> <span class='ocrx_word' id='word_1_286' title='bbox 821 4425 939 4477; x_wconf 85' lang='lat' dir='ltr'><strong>constat.</strong></span> <span class='ocrx_word' id='word_1_287' title='bbox 968 4423 1003 4476; x_wconf 86' lang='lat' dir='ltr'><strong>cf.</strong></span> <span class='ocrx_word' id='word_1_288' title='bbox 1019 4421 1050 4475; x_wconf 82' lang='lat' dir='ltr'><strong>G.</strong></span> <span class='ocrx_word' id='word_1_289' title='bbox 1061 4421 1180 4488; x_wconf 83' lang='lat' dir='ltr'><strong>Radtke,</strong></span> <span class='ocrx_word' id='word_1_290' title='bbox 1201 4422 1236 4474; x_wconf 93' lang='lat' dir='ltr'><strong>de</strong></span> <span class='ocrx_word' id='word_1_291' title='bbox 1249 4421 1421 4491; x_wconf 88' lang='lat' dir='ltr'><strong>metaphoris</strong></span> 
     </span>
     <span class='ocr_line' id='line_1_36' title="bbox 251 4510 1421 4582; baseline -0.002 -17"><span class='ocrx_word' id='word_1_292' title='bbox 251 4528 285 4565; x_wconf 86' lang='lat' dir='ltr'><strong>ex</strong></span> <span class='ocrx_word' id='word_1_293' title='bbox 303 4510 394 4566; x_wconf 89' lang='lat' dir='ltr'><strong>verbis</strong></span> <span class='ocrx_word' id='word_1_294' title='bbox 412 4512 534 4566; x_wconf 87' lang='lat' dir='ltr'><strong>nauticis</strong></span> <span class='ocrx_word' id='word_1_295' title='bbox 553 4514 582 4566; x_wconf 86' lang='lat' dir='ltr'><strong>at</strong></span> <span class='ocrx_word' id='word_1_296' title='bbox 602 4528 636 4565; x_wconf 83' lang='lat' dir='ltr'><strong>ex</strong></span> <span class='ocrx_word' id='word_1_297' title='bbox 654 4511 800 4567; x_wconf 88' lang='lat' dir='ltr'><strong>venaticiis</strong></span> <span class='ocrx_word' id='word_1_298' title='bbox 818 4512 924 4581; x_wconf 89' lang='lat' dir='ltr'><strong>petitis.</strong></span> <span class='ocrx_word' id='word_1_299' title='bbox 952 4511 1146 4582; x_wconf 80' lang='lat' dir='ltr'><strong>Progr.18673</strong></span> <span class='ocrx_word' id='word_1_300' title='bbox 1169 4510 1200 4562; x_wconf 82' lang='grc' dir='ltr'><strong>Ε.</strong></span> <span class='ocrx_word' id='word_1_301' title='bbox 1216 4510 1366 4576; x_wconf 81' lang='lat' dir='ltr'><strong>Schwartz,</strong></span> <span class='ocrx_word' id='word_1_302' title='bbox 1386 4510 1421 4563; x_wconf 88' lang='lat' dir='ltr'><strong>de</strong></span> 
     </span>
     <span class='ocr_line' id='line_1_37' title="bbox 250 4597 1420 4670; baseline -0.003 -17"><span class='ocrx_word' id='word_1_303' title='bbox 250 4601 422 4668; x_wconf 88' lang='lat' dir='ltr'><strong>metaphoris</strong></span> <span class='ocrx_word' id='word_1_304' title='bbox 441 4617 456 4654; x_wconf 90' lang='lat' dir='ltr'><strong>e</strong></span> <span class='ocrx_word' id='word_1_305' title='bbox 475 4601 546 4654; x_wconf 89' lang='lat' dir='ltr'><strong>mari</strong></span> <span class='ocrx_word' id='word_1_306' title='bbox 565 4603 595 4654; x_wconf 87' lang='lat' dir='ltr'><strong>et</strong></span> <span class='ocrx_word' id='word_1_307' title='bbox 611 4617 641 4655; x_wconf 90' lang='lat' dir='ltr'><strong>re</strong></span> <span class='ocrx_word' id='word_1_308' title='bbox 659 4602 760 4657; x_wconf 85' lang='lat' dir='ltr'><strong>navali</strong></span> <span class='ocrx_word' id='word_1_309' title='bbox 773 4602 870 4670; x_wconf 83' lang='lat' dir='ltr'><strong>petitis</strong></span> <span class='ocrx_word' id='word_1_310' title='bbox 890 4603 997 4668; x_wconf 85' lang='lat' dir='ltr'><strong>quaest.</strong></span> <span class='ocrx_word' id='word_1_311' title='bbox 1014 4599 1139 4668; x_wconf 85' lang='lat' dir='ltr'><strong>Euripid.</strong></span> <span class='ocrx_word' id='word_1_312' title='bbox 1168 4597 1420 4652; x_wconf 78' lang='lat' dir='ltr'><strong>Diss.Kiel.1878.</strong></span> 
     </span>
    </p>
   </div>
   <div class='ocr_carea' id='block_1_8' title="bbox 0 0 1767 5325">
    <p class='ocr_par' dir='ltr' id='par_1_8' title="bbox 0 0 1767 5325">
     <span class='ocr_line' id='line_1_38' title="bbox 0 0 1767 5325; baseline 0 0"><span class='ocrx_word' id='word_1_313' title='bbox 0 0 1767 5325; x_wconf 95' lang='lat' dir='ltr'><strong> </strong></span> 
     </span>
    </p>
   </div>
  </div>
 </body>
</html>
