3509 5325
831 442 1052 511 ..32-

354 607 487 673 minime
510 608 579 672 eret
600 626 739 691 necesse,
762 606 921 691 siquidem
944 606 1001 671 illa
1022 606 1121 672 rerba
1147 608 1182 670 in
1211 606 1375 691 proverbii
1397 627 1525 671 consue-

353 714 499 780 tudinem
526 714 651 780 venisse
684 718 807 779 certum
839 717 897 778 est.
944 714 983 779 cf.
1007 712 1204 798 Theognidis
1226 735 1256 778 v.
1275 712 1339 777 557
1372 714 1527 789 κίνδυνός

354 844 405 887 τοι
429 819 482 885 ἐιτλ
505 818 609 907 ξυροῦ
632 821 760 886 λσταται
784 819 903 903 ἐκμῆς,
931 818 1108 885 Simonidis
1130 820 1192 905 frg.
1212 818 1254 883 82
1278 816 1526 884 Rider-Crusins

354 927 458 1011 ἀκμᾶς
474 925 650 1011 ἑστηκυῖαν
667 926 720 992 ἐπὶ
735 924 837 1010 ξυροῦ
847 923 989 992 Ἑλλάδα
1002 936 1123 1009 πᾶσαν,
1138 923 1292 1009 Aeschyli
1307 924 1447 1011 Choeph.
1463 925 1527 991 876

354 1038 440 1100 ἔοικε
462 1044 527 1099 νῦν
550 1034 650 1117 αὐτῆς
674 1032 726 1097 aaz
749 1034 853 1117 ξυροῦ
875 1031 976 1110 πέλας
998 1034 1105 1119 αὐχὴν
1128 1040 1303 1099 πεσεῖσθαι
1326 1036 1409 1117 πρὸς
1432 1035 1527 1115 δίκην

352 1139 595 1224 πεπληγμένος,
628 1137 798 1222 Sophoclis
820 1138 897 1205 Ant.
916 1138 982 1204 996
1014 1143 1133 1226 φρόνει
1165 1141 1272 1225 βεβὼς
1303 1134 1346 1204 αὖ
1377 1148 1442 1206 νῦν
1475 1138 1528 1205 ἐντὶ

354 1247 457 1333 ξυροῦ
489 1248 602 1332 τύχης,
633 1245 799 1329 Euripidis
832 1245 927 1311 Herc.
945 1247 1006 1311 fur.
1026 1246 1092 1311 630
1115 1240 1172 1311 ὧδ’
1205 1241 1294 1331 ἔβητ’
1326 1244 1376 1311 ἐτιλ
1410 1245 1527 1331 ξυροῦ;

354 1352 518 1419 Theocriti
536 1351 620 1437 22,6
653 1352 842 1436 ἀνθρώπων
880 1363 1029 1435 σωτῆρας
1065 1352 1119 1418 ἐπὶ
1156 1353 1258 1437 ξυροῦ
1293 1355 1358 1437 ῆὸη
1395 1352 1527 1419 ἐόντων.

353 1458 462 1543 Atque
485 1460 548 1543 ipsi
571 1458 853 1545 paroemiographi
875 1458 933 1524 illa
954 1460 1053 1525 verba
1073 1460 1251 1544 proferunt,
1274 1460 1313 1525 cf.
1332 1459 1525 1546 Diogeniani

354 1567 543 1649 Συναγωγῆ
557 1588 689 1650 ταροιμ.
714 1564 761 1631 VI
772 1566 825 1650 41,
841 1564 976 1631 Zenobii
990 1567 1121 1651 epitom.
1136 1565 1185 1632 ΙΠ
1198 1567 1240 1631 47
1257 1567 1325 1631 cod.
1335 1565 1373 1652 B,
1391 1566 1526 1654 Diogen.

356 1673 390 1737 in
410 1673 478 1736 cod.
492 1671 631 1737 Vindob.
649 1672 748 1757 1163,
767 1674 909 1738 mantiss.
929 1674 1075 1757 proverb.
1093 1671 1208 1759 1561).

444 1777 499 1844 καὶ
526 1778 743 1862 ἀγγέλλοντες
770 1789 808 1865 τῆ
831 1777 967 1845 Ἑλλάδι
993 1780 1043 1845 ὅτι
1072 1780 1108 1845 ἐκ
1134 1790 1195 1846 τοῦ
1222 1780 1377 1846 ἐνιαυτοῦ
1403 1782 1441 1845 τὸ
1471 1782 1529 1864 ἐαρ

357 1886 439 1970 αὐτῆ
473 1886 679 1970 ἐξαραίρηται
708 1885 772 1951 VII
791 1885 910 1972 1625,
941 1909 1023 1971 quae
1054 1887 1152 1953 rerba
1184 1884 1315 1953 Gelonis
1347 1886 1530 1953 Herodotus

356 1993 425 2077 ipse
448 1992 677 2076 interpretatus
701 1997 763 2058 est:
787 1995 871 2077 δῆλα
893 1995 958 2079 γὰρ
981 1994 1026 2071 ὡς
1048 1993 1085 2059 ἐν
1103 2003 1149 2082 τῷ
1169 1994 1309 2082 ἐνιαυτῷ
1329 1993 1397 2059 ἐστὶ
1417 1995 1453 2059 τὸ
1471 1997 1529 2078 ἔαρ

356 2101 591 2182 δοκιμώτατον,
614 2109 672 2183 τῆς
695 2096 732 2164 δὲ
755 2110 822 2165 τῶν
840 2098 1010 2185 Ἑλλήνων
1033 2110 1186 2187 στρατιῆς
1208 2102 1269 2184 τῆν
1288 2099 1415 2167 ἐαυτοῦ
1433 2118 1529 2185 στρα-

355 2209 443 2290 τιῆν·
477 2204 733 2289 στερισκομένην
761 2202 809 2270 ὧν
836 2207 898 2289 τῆν
925 2204 1066 2272 Ἑλλάδα
1098 2216 1156 2291 τῆς
1188 2204 1315 2274 ἑωυτοῦ
1344 2211 1529 2292 συμμαχίης

355 2315 459 2390 είκαζε
487 2312 531 2390 ὡς
561 2315 591 2377 εί
617 2314 654 2378 τὸ
682 2315 740 2397 ἐαρ
769 2312 805 2377 ἐκ
831 2322 892 2377 τοῦ
917 2312 1073 2379 ἐνιαυτοῦ
1101 2312 1358 2399 ἐξαραιρημένον
1384 2320 1444 2398 εἴη.
1489 2312 1528 2379 In

357 2417 472 2485 Steinii
486 2418 691 2483 adnotatione
705 2419 843 2505 legimus
862 2418 954 2485 haec:
974 2418 1084 2485 ‘Arist
1098 2420 1193 2486 Rhet.
1207 2419 1223 2484 1
1239 2420 1257 2485 l
1274 2413 1348 2486 οἷον
1362 2425 1529 2506 Περικλῆς

356 2528 415 2591 τὸν
447 2525 620 2609 ἐπιτάφιον
654 2525 760 2610 λέγον
794 2526 1074 2614 (wahrscheinlich
1105 2528 1165 2592 auf
1194 2528 1245 2591 die
1277 2528 1322 2591 im
1350 2528 1531 2593 samischen

356 2632 475 2719 Kriege
499 2629 693 2717 Gefallenem
715 2655 771 2697 um
789 2633 857 2699 440
875 2656 904 2700 v.
925 2632 1022 2722 chr),
1039 2636 1101 2718 τῆν
1120 2637 1257 2719 νεότητα
1277 2634 1313 2700 ἐκ
1330 2642 1388 2719 τῆς
1405 2636 1532 2712 πόλεως

357 2741 545 2826 ἀνηρῆσθαι
570 2740 679 2824 ὥσπερ
702 2741 739 2804 τὸ
764 2742 822 2824 ἔαρ
843 2739 878 2804 ἐκ
901 2751 961 2806 τοῦ
981 2740 1135 2808 ἐνιαυτοῦ
1153 2743 1185 2807 ελ
1206 2740 1403 2828 ἐξαιρεθείη,
1425 2740 1474 2807 ΠΙ
1489 2741 1532 2805 10

357 2858 425 2912 τῶν
453 2841 490 2910 δέ
517 2857 715 2931 μεταφορῶν
746 2847 911 2932 τεττάρων
941 2847 1053 2914 οὐσῶν
1085 2848 1301 2933 εὐδοκιμοῦσι
1334 2850 1474 2933 μάλιστα
1497 2849 1535 2912 αλ

358 2951 431 3018 κατ’
458 2952 652 3036 ἀναλογίαν,
675 2952 784 3042 ὥσπερ
809 2958 975 3039 Περικλῆς
997 2958 1061 3040 ἐφη
1084 2957 1146 3040 τῆν
1168 2957 1306 3039 νεότητα
1328 2956 1388 3040 τὴν
1411 2954 1532 3021 ἀκολο-

359 3059 463 3144 μένηυ
486 3059 524 3125 ἐν
546 3069 591 3147 τῷ
615 3059 747 3148 πολέμῳ
771 3061 875 3140 οὕτως
897 3063 1085 3147 ἠφανίσθαι
1109 3063 1146 3128 ἐκ
1168 3072 1225 3145 τῆς
1252 3065 1393 3145 πόλεως,
1421 3062 1531 3146 ὥσπερ

360 3175 395 3232 εί
412 3191 462 3244 τις
483 3168 521 3232 τὸ
545 3171 603 3252 ἐαρ
634 3168 669 3232 ἐκ
696 3176 757 3233 τοῦ
785 3167 939 3234 ἐνιαυτοῦ
967 3168 1079 3246 ἐξέλοι.
1124 3168 1196 3233 Dass
1219 3167 1259 3232 H.
1285 3169 1341 3233 das
1366 3167 1442 3233 Bild
1467 3190 1533 3233 von

358 3273 502 3338 Perilles
527 3272 672 3338 entlehnt
694 3272 785 3357 habe,
809 3275 852 3338 ist
875 3275 976 3338 schon
999 3273 1131 3338 deshalb
1154 3274 1379 3359 unglaublich,
1401 3275 1475 3339 weil
1498 3297 1532 3338 er

361 3380 506 3445 offenbar
528 3380 579 3444 die
602 3378 835 3466 Verhandlung
858 3378 977 3444 (telons
1000 3381 1061 3443 mit
1084 3380 1146 3443 den
1169 3377 1351 3446 Gesandten
1372 3382 1408 3445 in
1429 3382 1533 3446 ihrem

358 3486 585 3551 iiberlicferten
607 3484 773 3550 Wortlaut
793 3486 1017 3571 wiedergeben
1039 3486 1114 3550 will.
1160 3486 1441 3553 Wahrscheinlich
1468 3511 1534 3553 war

310 3611 311 3614 ’
359 3614 391 3657 es
416 3593 516 3656 echon
539 3612 603 3656 von
626 3591 730 3656 einem
754 3593 877 3657 tlteren
899 3591 1035 3656 Dichter
1057 3592 1248 3680 gebraucht‚
1277 3597 1343 3658 und
1363 3595 1534 3679 jedenfalls

358 3702 415 3764 hat
448 3721 481 3763 es
513 3697 656 3762 Perilleo
689 3697 900 3762 zumeffender
932 3699 1140 3782 angewendet
1176 3699 1223 3765 als
1257 3699 1378 3765 Gelon?
1430 3700 1532 3777 Quam

359 3806 551 3870 sententiam
574 3802 669 3886 plane
693 3803 824 3886 accipio.

447 3911 515 3974 Iam
553 3908 748 3972 absolvimus
785 3909 1012 3975 translationes
1049 3910 1247 3976 Herodoteas
1284 3933 1388 3995 neque
1424 3914 1534 3995 ullam,

360 4038 442 4100 qnae
464 4014 586 4098 aliquid
608 4013 683 4076 miri
707 4018 738 4078 et
762 4015 898 4080 inauditi
916 4017 1035 4082 habere
1053 4017 1189 4100 videtur,
1211 4038 1263 4080 me
1281 4017 1533 4099 praetermisisse

360 4119 481 4208 put02).
528 4119 643 4184 Omnia
671 4126 761 4187 erant
790 4127 845 4187 aut
877 4124 964 4208 apud
996 4146 1107 4188 omnes
1135 4121 1328 4188 Graecorum
1360 4120 1532 4202 scriptores

360 4227 478 4292 usitata
501 4227 554 4292 vel
575 4229 746 4312 proverbia
769 4235 825 4294 aut
847 4253 865 4295 e
888 4235 1001 4316 poetae
1025 4230 1190 4296 cuiusdam
1207 4227 1353 4293 carmine
1383 4229 1534 4310 prompta

361 4379 574 4390 n———nuunn-

452 4480 477 4547 1)
497 4477 531 4532 cf.
547 4475 742 4548 Wilamcwitz,
761 4476 898 4532 Herakles
916 4477 964 4546 11¹,
984 4483 1061 4547 1895,
1079 4497 1106 4548 p.
1119 4482 1177 4532 142.

451 4569 478 4636 λ)
496 4566 538 4622 De
552 4566 642 4622 verbis
656 4565 695 4622 Vl
710 4573 743 4622 2⁷
759 4567 787 4632 ἐς
804 4565 873 4638 γόνυ
891 4567 943 4638 τὴν
956 4567 1038 4625 πόλιν
1053 4569 1133 4641 ἔβαλε
1150 4567 1225 4622 infra
1244 4584 1264 4622 s.
1280 4566 1309 4639 b)
1323 4566 1409 4621 verba
1422 4565 1534 4621 faciam
