3509 5325
821 475 1020 538 ..6-

331 633 504 699 verisimile
528 632 636 699 rideri.
673 632 718 699 At
738 639 776 698 ut
795 634 943 699 omittam
961 639 1098 719 tempus,
1119 656 1184 719 quo
1202 633 1388 700 Herodotus
1405 634 1506 699 histo-

331 742 395 805 rias
410 762 482 805 suas
498 740 538 805 ad
555 741 653 805 finem
667 741 860 825 perduxerit,
884 742 1016 806 minime
1034 745 1101 806 tam
1116 746 1202 807 certe
1220 763 1315 826 posse
1332 742 1507 827 terminari,

331 848 402 912 fieri
424 849 568 932 potuisse
592 847 830 914 concedendum
854 851 917 931 est,
944 847 1068 913 utiam
1091 852 1185 913 antea
1208 849 1243 913 in
1265 849 1434 913 itineribus
1458 870 1507 913 so-

331 956 473 1040 phistam
501 958 715 1041 cognosceret.
761 953 870 1040 Atque
899 956 993 1019 etiam
1023 955 1253 1040 Empedoclem
1282 977 1377 1040 quem
1406 959 1507 1020 artem

331 1063 523 1127 rhetoricam
547 1062 705 1126 invenisse
724 1059 916 1126 Aristoteles
935 1062 1013 1127 dicit
1021 1060 1057 1149 ¹),
1080 1066 1112 1127 et
1130 1062 1250 1127 Tisiam
1270 1060 1507 1147 Syracusanum

332 1174 364 1233 et
382 1168 592 1254 Protagoram
611 1191 767 1234 unacum
785 1168 953 1234 Herodoto
972 1190 1056 1233 anno
1070 1168 1137 1232 444
1155 1169 1294 1234 Thurios
1313 1169 1508 1256 demigrasse

332 1276 505 1340 verisimile
528 1272 623 1362 osv).
669 1273 739 1351 Qua
765 1298 800 1340 re
829 1274 982 1359 sophistis
1010 1274 1153 1339 eiusdem
1180 1277 1295 1340 aetatis
1323 1276 1432 1361 aliqua
1456 1299 1508 1341 ne·

333 1381 525 1447 cessitudine
544 1382 750 1447 coniunctum
771 1404 844 1446 eum
862 1382 962 1447 fuisse
981 1382 1058 1446 satis
1077 1381 1244 1465 probabile
1263 1381 1398 1447 videtur.
1432 1382 1510 1448 Non

332 1493 440 1573 potest
471 1488 571 1574 igitur
604 1489 748 1572 quaestio
781 1493 892 1554 nostra
923 1488 1096 1572 disceptari
1128 1489 1192 1554 nisi
1226 1490 1296 1575 ipsa
1328 1490 1509 1555 elocutione

334 1598 481 1661 accurate
504 1600 679 1679 perspecta.

422 1701 511 1780 Quae
539 1724 612 1768 cum
640 1702 685 1767 ita
713 1702 778 1767 sint
805 1723 1002 1786 quemquam
1030 1703 1094 1766 iam
1122 1724 1217 1787 saepe
1244 1702 1305 1767 viri
1331 1702 1509 1768 doctissimi

333 1809 550 1894 sophistarum
583 1830 684 1894 genus
718 1807 843 1873 dicendi
874 1809 1068 1894 perscrutati
1100 1807 1228 1897 suntl),
1264 1814 1370 1874 tamen
1404 1809 1509 1874 denuo

333 1916 417 1982 hauc
440 1917 661 2001 quaestionem
684 1917 805 1981 moturi
828 1938 948 1981 sumus.
994 1913 1057 1979 Sed
1082 1938 1120 1979 ea
1142 1939 1224 2001 quae
1246 1916 1281 1981 in
1303 1936 1416 1981 omnes
1438 1938 1510 2000 per-

333 2025 465 2110 vulgata
488 2026 576 2106 sunt,
603 2023 743 2087 breviter
765 2023 862 2088 modo
885 2023 1102 2108 perstringam
1125 2028 1221 2107 atque
1244 2023 1277 2087 id
1304 2024 1509 2107 potissimum

334 2131 495 2216 spectabo,
518 2134 555 2194 ut
578 2150 642 2214 quo
666 2128 762 2194 modo
786 2129 1005 2214 sophistarum
1028 2130 1167 2195 elocutio
1191 2152 1210 2194 a
1232 2130 1396 2194 communi
1417 2127 1510 2193 crae

335 2260 447 2303 corum
469 2258 530 2300 usu
554 2236 712 2319 discrepet
738 2237 869 2301 eluceat.

423 2342 498 2427 Ipsa
526 2343 744 2427 sophistarum
772 2344 860 2406 illius
889 2342 1043 2427 temporis
1067 2343 1187 2426 scripta
1209 2342 1318 2407 omnia
1346 2342 1412 2406 fere
1440 2362 1510 2424 per·
1628 2397 1633 2407 .

335 2452 448 2534 ierunt,
472 2471 586 2532 quare
608 2450 876 2533 proficiscendum
894 2449 990 2513 nobis
1013 2453 1063 2513 est
1088 2453 1269 2513 aveterum
1288 2448 1327 2513 de
1350 2451 1418 2512 arte
1440 2448 1512 2512 rhe-

336 2559 437 2623 torica
469 2557 662 2641 scriptorum
695 2556 898 2620 testimoniis.
952 2553 1120 2620 Accedunt
1154 2555 1298 2639 ipsorum
1329 2555 1511 2640 fragmenta

337 2665 482 2750 quamvis
515 2665 631 2749 exigua
664 2667 695 2728 et
728 2665 902 2746 orationes,
935 2683 1014 2745 quas
1042 2661 1136 2726 Plato
1167 2662 1328 2746 sophistas
1355 2663 1510 2728 habentes

335 2772 459 2836 inducit
483 2770 588 2834 itaut
611 2768 740 2856 egregia
763 2773 831 2834 arte
854 2769 1057 2855 singulorum
1080 2769 1221 2834 indolem
1245 2770 1446 2854 exprimeret.

426 2876 544 2942 Omnes
572 2880 695 2941 veteres
723 2876 910 2960 scriptores,
938 2876 994 2961 qui
1017 2875 1056 2939 de
1083 2877 1302 2960 sophistarum
1328 2897 1443 2962 genere
1467 2875 1512 2940 di-

338 2985 430 3050 cendi
447 2984 545 3049 verba
562 2983 695 3067 faciunt,
718 2985 814 3066 paulo
834 2981 999 3047 elatiorem
1023 3004 1061 3048 ao
1082 2984 1245 3068 poeticum
1268 2985 1335 3049 fere
1358 2981 1513 3048 orationis

337 3095 477 3158 colorem
501 3090 694 3175 praedicant.
741 3089 940 3154 Testimonia
962 3095 1038 3154 sunt
1059 3092 1152 3157 haec:

427 3198 465 3262 de
488 3196 700 3282 Protagora
725 3195 842 3261 Timon
865 3196 951 3280 apud
980 3195 1065 3262 Sext.
1084 3198 1178 3281 Emp.
1198 3199 1267 3263 adv.
1286 3199 1384 3263 math.
1403 3196 1450 3262 IX
1469 3195 1510 3261 57

335 3305 399 3371 ὀὐκ
422 3305 677 3387 ἄλτγύγλωσσος.

426 3409 641 3475 Philostratus
669 3411 724 3475 vit.
748 3410 839 3493 soph.
866 3433 896 3492 p.
914 3408 954 3473 15
984 3406 1031 3495 (II
1053 3432 1083 3493 p.
1100 3409 1156 3496 13)
1179 3409 1317 3494 Kayser:
1344 3411 1447 3492 γνοὺς
1476 3406 1512 3474 δὲ

338 3520 398 3584 τὸν
417 3519 644 3602 Πρωταγόραν
664 3516 681 3580 ὁ
701 3516 845 3581 Πλάτων
867 3524 995 3598 σεμνῶς
1017 3512 1079 3600 μὲν
1103 3513 1338 3601 ἑρμηνεύοντα,
1361 3514 1513 3580 dumcast-

430 3711 455 3779 1)
473 3709 556 3780 Diog.
576 3708 667 3762 Laert.
683 3707 747 3763 VIII
761 3713 795 3762 67
816 3705 997 3776 Ἀριστοτέλης
1020 3707 1050 3762 ἐν
1072 3711 1112 3781 τῷ
1136 3714 1254 3778 σοφιστῇ
1278 3723 1378 3777 φησιν,
1401 3714 1513 3774 πρῶτον
1585 3726 1588 3731 ·

337 3796 526 3867 Ἐμπεδοκλέα
546 3794 695 3867 ῥητορικὴν
714 3797 819 3864 εὑρεῖν,
844 3795 963 3864 Ζήνωνα
981 3795 1013 3852 δὲ
1033 3795 1217 3864 διαλεκτικήν.
1251 3795 1286 3850 cf.
1306 3795 1344 3848 IX
1358 3800 1400 3848 25.
1438 3794 1512 3849 Sext.

340 3887 444 3957 Empir.
460 3887 512 3940 VII
526 3891 556 3953 ὃς
576 3885 692 3950 Quintil.
708 3884 747 3938 III
762 3890 786 3952 1,
801 3890 824 3937 8.

430 3979 456 4044 2)
474 3975 526 4030 Ed.
541 3973 643 4043 Meyer,
664 3973 830 4028 Geschichte
848 3975 898 4028 des
915 3973 1070 4028 Altertums
1088 3973 1135 4040 IV,
1156 3977 1234 4040 1901,
1251 3991 1278 4042 p.
1294 3977 1329 4026 24
1339 3989 1398 4041 sqq.

430 4065 456 4132 3)
475 4063 558 4132 Blass,
579 4063 637 4116 Att.
657 4063 769 4117 Bereds.
789 4063 816 4116 1¹
838 4082 865 4133 p.
882 4069 916 4116 69
926 4081 1000 4133 sqq.;
1023 4062 1114 4130 Diels,
1138 4061 1257 4133 Gorgias
1279 4079 1306 4115 u.
1325 4059 1514 4130 Empedoklss

341 4152 813 4223 (Sita-Bendsserl.Akad.188l
831 4171 858 4222 p.
870 4157 921 4206 349
932 4153 1016 4222 sqq),
1043 4151 1154 4219 Scheel,
1172 4150 1207 4205 de
1227 4149 1385 4220 Gorgianae
1403 4148 1513 4218 discipl.
1606 4164 1613 4176 ⁸

341 4241 474 4312 vestigiis.
494 4241 618 4296 Rostook
629 4246 711 4308 189ος
729 4241 852 4308 Norden,
867 4241 973 4295 Antike
983 4241 1159 4311 Kunstprosa
1172 4239 1225 4295 vol.
1235 4240 1256 4306 1,
1272 4244 1349 4306 1898,
1363 4257 1391 4308 p.
1400 4244 1514 4308 63sqq.;

341 4330 439 4384 Thiele
461 4329 492 4384 in
510 4330 630 4385 Hermas
653 4319 706 4384 vol.
723 4337 765 4398 36,
790 4335 868 4397 1901,
891 4350 919 4401 p.
934 4335 1070 4400 223sqq.;
1098 4330 1221 4399 Drerup‚
1243 4328 1296 4384 Die
1314 4327 1445 4398 Anfange
1466 4327 1516 4381 der

341 4418 533 4474 rhetorischen
550 4420 726 4490 Kunstprosa
746 4420 788 4476 in:
808 4419 918 4474 Unters.
938 4438 988 4473 aar
1005 4420 1054 4474 alt.
1073 4419 1177 4490 griech.
1197 4418 1427 4473 Prosalitteratur
1446 4421 1513 4471 1901

341 4527 368 4578 p.
388 4514 529 4577 as1sqq.;
558 4508 592 4562 of.
621 4508 671 4563 Th.
692 4509 841 4580 Gompera,
869 4509 1007 4582 Apologie
1035 4511 1061 4562 d.
1086 4508 1240 4566 Heilkunst
1266 4507 1296 4562 in
1323 4506 1415 4563 Wien.
1436 4505 1516 4560 Sita.-

342 4598 403 4653 Ber.
424 4602 501 4653 1890.
1067 4621 1070 4627 ·
