3509 5325
739 450 960 515 ..5η-

349 610 367 676 ὁ
391 606 452 694 μὲν
479 610 684 695 ἐπιχειρήσας
713 610 880 695 βάρβαρος
902 610 1073 696 βάρβαρον
1097 610 1289 696 ἐπιχείρημα
1311 611 1383 677 Hel.
1404 613 1432 677 7.

349 716 422 782 ὅσοι
455 715 491 782 δὲ
522 717 621 793 ὅσους
652 715 726 801 περὶ
760 717 849 782 ὅσων
880 715 935 782 καλ
967 720 1101 782 ἐπεισαν
1128 715 1181 782 καὶ
1215 722 1368 784 πείσονσι
1396 716 1434 784 δὲ

260 825 367 906 ψευδῆ
392 825 492 907 λόγον
516 823 706 900 πλάσαντες.
739 824 769 888 εί
795 819 856 907 μέν
884 824 947 908 γάρ
974 821 1189 908 adcrescant
1212 824 1345 890 πάντων
1368 822 1433 891 κτὲ.

260 928 331 995 Hel.
353 930 403 993 11.

353 1038 483 1120 σύνειμι
507 1033 561 1101 καὶ
584 1038 717 1102 σύνεστι
741 1034 895 1113 κάκεῖνος
917 1033 990 1120 ἐμοὶ
1013 1036 1153 1125 κάκείνῳ
1177 1036 1241 1120 ἐγώ
1264 1038 1331 1101 Pal.
1352 1039 1379 1102 7.

349 1146 414 1209 τίνι
446 1140 524 1209 ποτὲ
556 1144 733 1219 πιστεύσας
769 1152 919 1220 τοιοῦτος
956 1143 1003 1207 ὢν
1038 1145 1192 1209 τοιούτου
1228 1158 1433 1230 κατημορεῖς;

261 1248 355 1328 άξιον
378 1251 441 1334 γάρ
464 1256 686 1333 καταμαθεῖν,
709 1240 779 1325 οἶος
802 1250 849 1315 ὢν
874 1240 927 1315 οἷα
951 1247 1067 1333 λέγεις,
1091 1251 1134 1326 ὡς
1155 1249 1288 1328 ἀνάξιος
1311 1251 1434 1341 ἀναξίῳ

260 1355 327 1421 Pal.
347 1356 399 1421 22.

349 1465 427 1539 τοὺς
458 1459 496 1528 δέ
527 1464 678 1542 πρώτους
709 1474 776 1528 τῶν
812 1464 952 1548 πρώτων
979 1461 1144 1547 Ἕλληνας
1174 1461 1342 1548 Ἑλλήνων
1374 1465 1435 1531 οὐκ

263 1568 356 1648 ἄξιον
380 1567 452 1635 οὐδ’
479 1567 613 1647 ἀξιῶσαι
637 1568 705 1633 Pal.
724 1570 775 1633 37.

350 1675 494 1753 Quacum
518 1678 759 1742 coacervatione
783 1698 939 1761 quaenam
958 1676 1143 1741 Herodotca
1164 1677 1304 1741 elocutio
1327 1681 1435 1761 potest

261 1782 460 1867 comparari?
501 1781 589 1859 Quae
617 1784 652 1847 in
679 1783 747 1848 cius
775 1782 866 1847 libris
900 1784 1039 1848 maxime
1072 1784 1246 1867 conspicua
1277 1782 1435 1866 videntur,

261 1890 422 1973 proferam
444 1894 481 1954 ut
499 1894 656 1973 quantum
679 1889 806 1955 intersit
825 1891 909 1954 inter
927 1890 985 1954 has
1005 1894 1037 1955 et
1055 1887 1209 1976 Gorgieas
1229 1888 1435 1973 elocutiones,

261 1995 498 2083 intellegamus:
1303 2050 1309 2057 .

350 2102 386 2167 ’ἐν
411 2100 472 2187 μὲν
495 2104 557 2185 γὰρ
587 2112 625 2188 τῇ
649 2099 705 2188 (sc.
730 2100 860 2190 εἰρήνη)
885 2104 920 2168 ct
940 2104 1054 2180 παῖδες
1077 2105 1155 2179 τοὺς
1182 2101 1322 2187 πατέρας
1347 2102 1434 2166 θάπ-

262 2227 367 2294 τουσι,
390 2209 426 2275 ἐν
450 2207 488 2275 δὲ
510 2218 555 2297 τῷ
581 2206 637 2297 (ec.
660 2206 807 2299 πολέμῳ)
831 2210 867 2275 ct
886 2208 1022 2297 πατέρες
1044 2213 1121 2286 τοὺς
1144 2211 1263 2285 παῖδας
1285 2208 1433 2291 187,19.

350 2314 423 2381 ἀντὶ
448 2313 484 2381 at
507 2326 568 2382 τοῦ
589 2318 750 2402 ἄρχεσθαι
774 2314 830 2383 ὑπ’
851 2318 963 2383 ἄλλων
981 2318 1095 2402 ἄρχειν
1114 2315 1269 2381 ἁπάντων
1287 2314 1393 2400 1210,
1404 2315 1432 2380 8.

350 2424 529 2489 πείθεσθαι
553 2424 630 2489 οὔτε
653 2434 738 2490 τοῖσι
761 2427 934 2507 βασιλεῦσι
956 2425 1015 2488 τὸν
1040 2425 1146 2507 δῆμον
1170 2423 1246 2488 οὔτε
1269 2431 1315 2511 τῷ
1339 2424 1434 2512 δήμῳ

262 2532 338 2606 τοὺς
361 2528 514 2613 βασιλέας
536 2528 584 2595 IV
599 2530 650 2615 11,
662 2530 711 2594 13.
729 2536 750 2557 “

350 2636 442 2721 ὑμεῖς
465 2643 574 2704 οίκατε
597 2640 675 2716 τοὺς
698 2638 857 2724 άρχοντας
878 2639 977 2724 ἔχειν,
999 2638 1077 2714 τοὺς
1096 2633 1133 2703 δέ
1152 2632 1354 2755 ἀρξομένους
1372 2634 1434 2702 οὐκ
1485 2657 1490 2669 ’

262 2743 347 2822 ἕξειν
370 2742 561 2829 VH162,2.

351 2849 474 2927 Quibus
497 2851 532 2916 in
558 2851 725 2916 antithetis
758 2851 908 2916 omnibus
936 2852 1126 2934 scriptorem
1154 2851 1264 2916 eadem
1291 2853 1435 2936 repetere

261 2957 358 3022 verba
382 2961 528 3023 coactum
553 2979 620 3022 esse
643 2957 730 3022 illico
755 2962 897 3042 apparet,
920 2979 1001 3040 qnae
1025 2979 1097 3022 cnm
1121 2955 1260 3043 Gorgiae
1288 2956 1344 3020 illo
1368 2978 1437 3021 ver-

262 3064 377 3128 bcrurn
400 3065 521 3129 tinnitu
543 3065 633 3128 nullo
657 3065 752 3129 mcdc
776 3068 913 3148 possunt
936 3065 1123 3148 comparari.

351 3169 386 3258 2)
410 3171 534 3237 Deinde
558 3168 691 3258 Gorgias
714 3172 750 3236 in
775 3193 840 3236 una
866 3171 1110 3255 paronomasiae
1137 3171 1242 3256 figura
1269 3169 1436 3254 complura

262 3278 359 3344 verba
382 3279 589 3364 coacervavit,
612 3279 725 3343 veluti:

351 3384 424 3450 ὅσοι
448 3380 485 3450 δὲ
508 3385 608 3462 ὅσους
630 3383 705 3469 περὶ
729 3385 816 3451 ὅσον
840 3383 911 3450 Hel.
933 3384 983 3448 11.

351 3490 468 3556 αὐτίκα
491 3493 553 3577 γάρ
573 3492 652 3556 ὅταν
675 3491 813 3576 πολέμια
836 3492 968 3575 σώματα
988 3488 1071 3576 [καὶ]
1089 3489 1249 3575 πολέμιον
1268 3488 1321 3555 ἐπὶ
1339 3494 1434 3555 πολε-

262 3601 350 3682 μίοις
373 3597 517 3684 carrena
541 3597 612 3664 Hel.
635 3598 684 3664 16.

351 3706 457 3771 πολλὰ
481 3702 517 3770 at
541 3711 675 3782 πολλοῖς
697 3708 830 3771 πολλῶν
853 3708 958 3791 ἔρωτα
981 3703 1051 3770 Hel.
1074 3704 1124 3770 18.

352 3811 389 3890 ὃς
412 3814 443 3876 εί
463 3808 524 3896 μὲν
547 3814 627 3889 θεὸς
649 3812 719 3895 <tw
742 3814 829 3897 ἐχει>
850 3819 942 3877 θεῶν
966 3816 1065 3877 θείαν
1088 3812 1232 3896 δύναμιν
1255 3810 1327 3876 Hel.
1349 3811 1397 3876 19.

352 3917 388 3983 ἐν
421 3912 447 4006 ᾧ
480 3919 641 4002 <πάντες>
673 3919 797 3996 πάντας
828 3917 930 3997 ὁρῶσι
962 3917 1017 3982 καλ
1052 3918 1172 3996 πάντες
1205 3919 1270 3983 ὑπὸ
1302 3918 1435 3983 πάντων

263 4023 413 4112 ὁρῶνται.
450 4026 580 4102 πάντως
602 4027 666 4108 ἄρα
689 4023 744 4090 καλ
766 4025 872 4110 πάντη
895 4034 997 4090 ταῦτα
1020 4026 1174 4110 πράττειν
1197 4022 1260 4090 κτὲ.
1296 4024 1363 4090 Pal.
1385 4025 1435 4089 12.

352 4132 500 4217 μάρτυρα
523 4135 641 4199 πιστὸν
663 4131 843 4217 παρέξομαι
866 4134 926 4196 τὸν
948 4135 1193 4217 παροιχόμενον
1216 4135 1304 4216 βίον·
1328 4142 1373 4219 τῷ
1398 4128 1435 4196 δέ

263 4239 403 4324 μάρτυρι
426 4241 587 4326 μάρτυρες
612 4240 703 4323 ὑμεῖς
728 4239 798 4304 ε’στε
821 4237 958 4303 Ρο1.15.

352 4344 518 4432 ἐτιμώμην
540 4348 604 4431 γὰρ
628 4343 681 4412 ἐπὶ
704 4357 772 4422 τοῖς
795 4344 1018 4429 ἐντιμοτάτοις
1039 4344 1105 4411 ὑπὸ
1127 4357 1195 4411 τῶν
1214 4344 1434 4429 ἐντιμοτάτων

262 4451 329 4516 PaL
351 4451 400 4516 16.

352 4558 527 4644 εὐεργέτην
549 4568 606 4643 τῆς
623 4557 792 4646 Ἑλλάδος,
805 4556 965 4642 Ἕλληνες
978 4557 1123 4643 Ἕλληνα
1145 4558 1212 4624 PaL
1231 4557 1284 4625 36.
