3509 5325
747 421 968 485 -ης-

357 582 488 666 Verum,
507 582 535 647 si
553 583 670 668 placei,
689 580 729 646 ad
747 580 1008 647 Herodoieam
1027 580 1242 647 elocutionem
1264 603 1445 667 pergamus,

267 695 305 755 ut
327 690 505 773 videamus,
533 712 575 753 an
597 689 682 774 apud
706 712 779 754 eum
802 689 959 773 epitheta,
983 710 1063 772 quae
1086 689 1181 773 plane
1209 710 1444 774 supervacanea

269 801 301 862 el
322 796 452 862 inutilia
475 796 652 862 sententiae
674 794 721 861 nil
744 795 821 859 novi
844 794 1034 881 adiungunt,
1056 795 1176 879 scripio
1199 796 1264 860 sint
1286 799 1324 860 ui
1347 794 1444 859 verba

268 904 461 969 tumefiant‘?
507 901 600 979 Quod
623 901 664 967 ad
687 900 927 967 diiudicandum
950 901 1090 986 primum
1114 904 1146 967 et
1170 902 1319 985 quintum
1340 900 1443 966 Hero-

268 1010 336 1076 doti
358 1010 479 1076 librum
503 1031 599 1093 quam
623 1008 860 1074 accuratissime
884 1009 1010 1073 excussi
1032 1011 1129 1093 alque
1148 1030 1194 1093 ea,
1217 1029 1299 1092 quae
1317 1007 1352 1073 in
1370 1008 1443 1074 reli-

268 1116 339 1201 quis
361 1116 454 1182 libris
477 1116 560 1181 forle
580 1115 717 1199 quadam
737 1114 817 1179 mihi
836 1114 1055 1199 occurrebant,
1075 1114 1200 1201 collegi.
1242 1114 1443 1200 Quamquam

266 1222 350 1288 nihil
376 1224 498 1307 inveni,
527 1222 614 1307 quod
641 1222 749 1305 aliquo
777 1221 873 1287 modo
903 1243 977 1287 cum
1005 1222 1222 1307 sophistarum
1246 1222 1443 1287 abundantia

268 1330 421 1414 loquendi
440 1330 544 1416 possit
563 1328 751 1413 comparari,
774 1333 884 1394 tamen
902 1332 939 1393 ut
962 1328 1079 1394 clarius
1102 1327 1184 1393 illud
1207 1328 1341 1413 eluceai,
1363 1328 1443 1394 haec

266 1438 415 1522 apposita
437 1437 628 1521 proferenda
650 1435 812 1502 videntur:

358 1552 403 1631 τῷ
426 1546 603 1632 ναυκλήρῳ
621 1551 680 1627 τῆς
702 1545 775 1619 νεός
793 1541 885 1628 15,6
904 1542 989 1608 idem
1012 1541 1172 1607 declarare
1195 1541 1323 1607 videtur
1346 1546 1442 1627 atque

266 1650 403 1736 simplex
418 1658 462 1737 τῷ
477 1652 662 1738 ναυκλήρῳ.
699 1647 743 1713 Ae
762 1648 911 1714 hocloco
929 1650 1038 1735 agitur
1051 1649 1090 1714 de
1105 1649 1236 1714 domino
1255 1650 1323 1715 eius
1341 1650 1442 1734 navis,

267 1757 302 1822 in
325 1778 389 1840 qua
411 1755 447 1823 Io
472 1755 604 1842 abrepta
627 1758 675 1822 esi
696 1752 749 1843 (cf.
765 1777 836 1841 cap.
853 1753 897 1843 1),
916 1778 980 1841 qua
1002 1777 1037 1821 re
1056 1776 1167 1820 vocem
1186 1764 1245 1839 τῆς
1262 1759 1337 1833 νεός
1354 1756 1441 1822 iusto

265 1864 334 1930 iure
357 1863 537 1948 {adpositam
561 1884 630 1927 esse
652 1866 794 1948 apparel.

353 1970 412 2047 ὑὸς
435 1980 543 2055 χρῆμα
557 1968 699 2055 -μέγα
721 1968 836 2054 136,2
859 1992 877 2034 e
901 1970 1064 2035 communi
1088 1966 1283 2035 Graecorum
1311 1990 1442 2035 consue-

265 2076 376 2142 tudine
400 2080 587 2162 promptum
611 2098 679 2142 esse
703 2080 825 2141 certum
849 2074 941 2163 est1).
983 2073 1212 2160 ef.11110,13
1236 2074 1300 2140 VH
1315 2076 1440 2160 188,19

232 2224 234 2229 =
266 2182 364 2269 Soph.
383 2184 443 2269 frg.
464 2183 528 2248 739
551 2180 715 2268 Arisioph.
735 2180 832 2267 Vesp.
851 2182 918 2247 933
941 2182 1088 2268 Xenoph.
1108 2180 1179 2267 Cyr.
1194 2181 1226 2248 Π
1242 2180 1300 2267 1,5
1321 2180 1395 2269 (14,
1405 2180 1441 2271 8)

353 2296 479 2367 κλῶπες
502 2300 681 2373 κακοῦργοι
705 2288 787 2374 141,
798 2289 827 2373 9,
846 2311 943 2374 quam
967 2288 1182 2356 elocutionem
1200 2290 1441 2374 reprehendere,

265 2397 424 2482 siquidem
452 2417 562 2463 omnes
589 2402 716 2473 κλῶπες
745 2400 852 2462 essent
879 2406 1074 2481 κακοῦργοι,
1101 2396 1244 2462 difficilis
1272 2401 1356 2463 esset
1384 2397 1441 2461 ho-

267 2502 363 2569 minis
387 2523 424 2567 ac
446 2502 574 2567 morosi.

353 2613 466 2687 κλίνας
488 2632 522 2674 σε
545 2609 741 2694 ἐπιχρύσους
763 2606 817 2674 καλ
841 2606 1050 2695 ἐπαργύρους
1076 2606 1131 2674 καὶ
1155 2608 1276 2694 φιάλας
1300 2609 1441 2697 χρυσέας

263 2715 318 2783 καὶ
350 2717 464 2800 εἵματα
496 2717 669 2802 πορφύρεα
700 2713 756 2781 καὶ
792 2723 960 2798 κιθῶνας,
996 2718 1101 2800 νήσας
1136 2719 1246 2803 πυρὴν
1282 2718 1439 2802 μεγάλην,

265 2822 413 2909 κατέκαιε
432 2821 515 2907 150,
525 2823 555 2888 3.
601 2821 689 2899 Quae
717 2823 866 2908 apposita
895 2827 979 2888 certe
1005 2845 1073 2888 non
1104 2828 1181 2888 sunl
1211 2824 1352 2908 inutilia,
1384 2826 1440 2891 sed

264 2953 314 2996 res
343 2929 523 2996 accuratius
551 2929 736 2996 describunt
765 2934 862 3015 alque
891 2930 1062 2994 illuserant.
1108 2927 1215 3014 Atque
1238 2930 1440 2997 Herodotum

127 3089 131 3094 .
264 3037 300 3102 in
322 3037 502 3122 magnificis
526 3034 636 3100 Croesi
659 3036 823 3101 sacrificiis
847 3035 1071 3101 enumerandis
1093 3037 1220 3120 plenius
1248 3040 1281 3102 el
1309 3036 1439 3102 uberius

265 3144 362 3210 rerba
385 3145 499 3210 fecisse
522 3144 608 3209 haud
629 3145 747 3208 mirum
766 3147 823 3209 esd.
868 3141 958 3208 Idem
977 3143 1041 3208 dici
1057 3147 1166 3228 polest
1185 3145 1223 3209 de
1245 3144 1297 3207 his
1319 3144 1439 3209 verbis:

352 3247 495 3334 ἀνέθηκε
519 3250 618 3328 σάκος
640 3273 674 3315 σε
697 3250 841 3336 χρύσεον
855 3258 927 3330 πᾶν
946 3249 1064 3332 ὁμοίως
1086 3247 1141 3314 καὶ
1162 3250 1283 3333 αἰχμὴν
1302 3252 1439 3334 στερεὴν

264 3364 373 3421 πᾶσαν
396 3354 554 3442 χρυσέην,
585 3358 622 3422 τὸ
651 3353 772 3434 ξυστὸν
800 3366 874 3442 τῇσι
903 3358 1040 3442 λόγχῃσι
1068 3354 1124 3420 ἐὸν
1152 3355 1273 3441 ὁμοίως
1297 3358 1440 3443 χρύσεον

263 3460 385 3547 152,3.

351 3571 434 3654 πρὸς
456 3568 577 3654 βορέην
601 3572 724 3654 ἄνεμον
745 3567 858 3655 172,8
882 3591 921 3635 ac
943 3570 1078 3654 saepius.
1120 3568 1212 3646 Quod
1235 3593 1252 3634 e
1275 3572 1439 3636 communi

265 3673 459 3742 Graecorum
497 3675 727 3742 consuetudine
764 3681 952 3762 promptum
989 3698 1057 3742 esse
1095 3680 1236 3761 apparel.
1285 3677 1438 3764 Legimus

265 3783 351 3848 enim
374 3782 439 3848 iam
462 3783 549 3868 apud
570 3782 762 3849 Homerum:

352 3894 391 3954 Π
403 3888 467 3954 150
490 3893 567 3966 τοὺς
590 3893 698 3956 ἔτεκεν
722 3891 866 3980 Ζεφύρῳ
890 3889 999 3979 ἀνέμῳ
1024 3891 1147 3977 ἅρπνια
1170 3890 1340 3975 Ποδάργη.

352 3995 450 4076 ξ253
474 3994 632 4081 ἐπλέομεν
655 3996 756 4084 βορέη
780 3996 890 4085 ἀνέμῳ
914 3995 1029 4081 ἄπραέι
1051 4001 1140 4085 καλῳ
1164 3995 1327 4085 ((31299).

352 4105 451 4180 ὄλπαις
468 4105 602 4190 ἔρσενος
620 4107 723 4187 γόνον
741 4103 758 4170 Ι
774 4104 899 4189 109,11
920 4103 983 4170 VH
997 4105 1111 4188 61,16.
1128 4103 1203 4189 205,
1212 4103 1242 4168 4.
1279 4102 1332 4169 Ad
1345 4105 1437 4170 illum

262 4209 371 4276 locum
404 4207 495 4274 Siein
526 4211 659 4275 adnudat
690 4211 782 4276 haec:
816 4212 925 4287 ’ἅπαις
957 4210 1107 4277 εὸΙιαελοε
1134 4207 1181 4298 (V
1194 4210 1248 4296 48,
1256 4208 1302 4299 4).
1347 4209 1438 4276 Danu

263 4319 396 4402 ἔρσενος
418 4318 523 4400 γόνον
547 4354 589 4364 -
612 4315 695 4382 Eine
717 4318 891 4384 besonders
910 4318 972 4383 den
990 4317 1168 4405 Tragikern
1190 4317 1437 4404 eigenlfimliche

354 4547 379 4616 1)
399 4544 433 4599 ef.
453 4544 685 4615 Konna-ceren,
705 4545 750 4602 Gr.
766 4545 811 4601 Gr.
826 4545 852 4600 11
868 4552 882 4599 1
901 4564 929 4617 p.
941 4551 993 4602 280
1003 4564 1057 4616 sq.;
1077 4545 1178 4600 Steinii
1196 4545 1260 4599 adn.
1276 4543 1314 4598 ad
1331 4544 1400 4614 136,
1411 4550 1436 4600 2.
