3509 5325
714 439 936 503 -27-

236 602 419 686 significare
446 599 627 684 rideantur,
659 603 755 683 atque
783 621 819 664 ea
847 621 928 683 quae
959 598 1096 684 scriptor
1123 598 1227 664 dicere
1249 600 1328 663 vult.
1357 597 1411 686 (cf.

236 706 397 793 Gorgiana
429 708 486 771 illa
518 708 634 790 μώμου
667 706 800 772 ἀδικίαν
831 704 887 771 καὶ
920 705 1017 789 δόξης
1049 703 1222 792 ἀμαθίαν).
1273 692 1345 771 Ηοο
1376 708 1410 771 in

198 837 351 920 &genere
383 813 600 879 Herodoteam
634 814 811 880 orationem
842 815 938 897 plane
970 834 1082 878 vacare
1114 812 1331 897 sophistarum
1363 814 1411 877 in-

238 921 333 1007 eptiis
357 920 497 986 maxime
521 922 631 985 elucet.

325 1114 362 1181 In
386 1117 523 1181 transitu
551 1115 710 1201 attingere
738 1116 819 1180 mihi
846 1116 943 1181 liceat
971 1116 1187 1200 sophistarum
1215 1121 1246 1182 et
1274 1114 1411 1201 Gorgiae

237 1225 442 1309 potissimum
472 1223 621 1288 dictionis
651 1222 777 1309 insigne
806 1222 974 1307 proprium
1007 1227 1039 1287 et
1070 1225 1243 1308 peculiare,
1276 1245 1315 1287 ex
1347 1244 1411 1305 quo

237 1331 291 1395 ille
315 1352 443 1414 qnoque
470 1331 695 1415 grammaticas
719 1332 896 1416 categorias
927 1330 1131 1414 permutandi
1158 1352 1234 1395 usus
1261 1330 1412 1394 manavit.
1491 1312 1493 1317 ³

237 1437 346 1502 Finxit
376 1437 461 1501 enim
493 1434 628 1522 Gorgias
659 1436 824 1501 enuntiata
854 1459 894 1500 ex
924 1437 1001 1502 solis
1031 1437 1099 1501 fere
1132 1435 1412 1521 appellationibus,

238 1566 301 1628 que
327 1566 362 1608 re
390 1544 621 1627 appellationes
653 1542 737 1628 apud
769 1565 842 1607 eum
875 1566 941 1608 non
973 1544 1068 1608 modo
1099 1544 1329 1608 adieetivorum
1357 1541 1413 1606 sed

238 1652 334 1716 etiam
358 1650 529 1715 verborum
555 1650 664 1714 locum
692 1654 937 1734 occupaverunt.
983 1648 1184 1733 Quamquam
1209 1648 1357 1714 omuibus
1381 1651 1413 1712 et

238 1757 406 1841 ἐβασίλευε
435 1760 468 1821 et
495 1758 650 1840 βασιλεὺς
675 1752 717 1840 ήν
747 1757 837 1820 nullo
867 1756 935 1821 fere
965 1755 1147 1821 discrimine
1177 1757 1280 1821 dicere
1309 1756 1413 1839 licuit,

238 1868 346 1928 tamen
375 1864 446 1947 ipsa
475 1864 543 1927 eius
573 1884 650 1927 usus
680 1862 861 1947 frequentia
891 1864 1026 1949 insignis
1059 1867 1108 1928 est
1138 1861 1276 1949 Gorgiae
1308 1862 1413 1927 elocu-

237 1971 345 2036 tionis.
387 1970 470 2035 Vide
493 1970 585 2035 haec:

326 2078 531 2163 θεράποντες
554 2072 615 2161 μὲν
642 2086 708 2141 τῶν
739 2075 861 2153 ἀδίκως
890 2076 1160 2160 δυστυχούντων,
1189 2072 1345 2141 κολασταὶ
1376 2070 1412 2139 δέ

238 2196 305 2249 τῶν
324 2183 445 2259 ἀδίκως
463 2184 704 2269 εὐτυχούντων,
725 2222 764 2231 -
783 2184 958 2268 εὐόργητοι
976 2186 1059 2268 πρὸς
1077 2186 1114 2249 τὸ
1132 2180 1260 2268 πρέπον
1273 2183 1335 2269 frg.
1346 2182 1412 2247 61).

237 2293 310 2356 loco
334 2288 539 2377 ἐθεράπευον
561 2287 624 2374 μὲν
647 2293 724 2367 τούς
747 2288 869 2366 ἀδίκως
893 2291 1139 2375 δυστυχοῦντας
1162 2287 1225 2354 κτὲ.

328 2395 481 2483 ὑβρισταὶ
505 2400 552 2474 είς
574 2400 653 2475 τούς
674 2398 832 2483 ὑβριστάς
854 2397 931 2461 ibid.

328 2506 366 2569 αί
386 2506 449 2591 γὰρ
473 2507 585 2570 ἔνθεοι
610 2505 665 2569 διὰ
689 2506 798 2586 λόγων
822 2500 947 2591 lapidod
976 2502 1142 2587 έπαγωγοὶ
1169 2503 1307 2588 ήδονής,
1334 2502 1415 2567 ἀπα-

240 2607 343 2697 γωγοὶ
362 2612 468 2695 λύττης
486 2613 658 2696 γίγνονται
677 2609 899 2677 Ηο1.1ΟΙΟυο
923 2611 961 2675 αί
981 2608 1104 2700 ἐπῳδαὶ
1123 2611 1184 2694 τήν
1207 2606 1268 2696 μέν
1287 2609 1414 2694 ήδονήν

241 2717 410 2805 ἐπάγουσι,
432 2721 493 2803 τήν
518 2715 554 2783 δὲ
578 2719 686 2802 λύπην
711 2717 906 2800 ἀπάγουσιν.

328 2827 359 2891 εἰ
381 2823 442 2909 μὲν
465 2825 528 2911 γάρ
552 2825 672 2902 πάντες
693 2822 768 2906 περὶ
792 2824 926 2889 πάντων
955 2820 1045 2909 εἶχον
1068 2835 1136 2890 τῶν
1157 2824 1234 2909 <τε>
1257 2846 1413 2908 παροιχο-

241 2931 350 3016 μένων
374 2933 506 3017 μνήμην
529 2943 595 2996 τῶν
618 2955 651 2996 τε
679 2933 854 3015 παρόντων
878 2930 1054 3015 <έννοιαν>
1077 2942 1144 2996 τῶν
1167 2954 1200 2995 τε
1224 2933 1415 3014 μελλόντων

241 3042 402 3126 πρόνοιαν
420 3037 491 3103 Hel.
507 3037 546 3101 11
566 3037 640 3102 loeo
658 3036 777 3112 πάντες
795 3047 862 3102 τῶν
880 3034 1130 3122 παροιχομένων
1149 3035 1331 3120 ἐμέμνηντο
1349 3034 1413 3100 κτὲ.

330 3146 468 3230 ἀγαθῶν
492 3141 554 3230 μὶν
576 3139 638 3209 οὐν
660 3152 777 3227 κτῆσιν
805 3142 965 3227 οὐδεμίαν
992 3138 1080 3228 εἶχεν
1102 3142 1122 3226 ή
1146 3141 1263 3229 πρᾶξις
1285 3141 1350 3207 Pal.
1373 3142 1413 3206 18

241 3255 313 3319 loeo
337 3252 468 3336 ἀγαθὸν
490 3249 553 3333 μὲν
575 3245 637 3316 οὐν
660 3246 761 3315 οὐδὲν
784 3248 941 3332 ἐκτήσατο
964 3249 985 3333 ή
1008 3250 1133 3335 πρᾶξις.

330 3376 438 3461 Atque
470 3375 548 3441 hinc
578 3376 777 3458 amplissima
809 3375 865 3438 illa
898 3376 1062 3439 enuntiata
1094 3375 1264 3459 exsistunt,
1297 3374 1413 3458 quibus

243 3483 380 3571 Gorgiae
410 3484 513 3548 oratio
543 3486 592 3547 est
623 3482 802 3565 conspicua.
849 3480 938 3558 Quae
969 3485 1025 3546 aut
1054 3482 1153 3546 verbo
1187 3482 1316 3546 omnino
1349 3503 1414 3545 non

241 3592 399 3656 finiuntur
422 3594 477 3655 aut
501 3587 646 3674 quamvis
670 3589 735 3652 siut
753 3588 868 3672 ampla,
892 3588 933 3651 ad
951 3611 1051 3652 unum
1069 3589 1204 3655 verbum
1224 3589 1414 3653 referuntur.

243 3697 281 3762 E.
305 3718 334 3782 g.
358 3697 487 3780 profero
515 3696 578 3760 hoc
600 3695 756 3780 epitaphii
784 3694 999 3759 enuntiatum:
1032 3690 1124 3761 οὗτοι
1152 3697 1214 3779 γάρ
1243 3693 1414 3778 ἐκέκτηντο

244 3806 365 3869 ἔνθεον
388 3799 449 3888 μὲν
472 3804 533 3886 τήν
552 3801 682 3887 ἀρετήν,
706 3800 923 3886 ἀνθρώπινον
942 3799 979 3867 δέ
1001 3804 1039 3867 τὸ
1062 3805 1202 3885 θνητόν,
1224 3803 1330 3867 πολλὰ
1353 3798 1414 3886 μέν

244 3911 284 3994 δή
318 3912 356 3976 τὸ
388 3918 497 3996 πρᾷον
531 3904 668 3985 ἐπιεικές
699 3917 758 3973 τοῦ
796 3907 971 3984 αὐθάδους
1007 3910 1138 3974 δικαίου
1170 3912 1416 3994 προκρίνοντες,

243 4017 348 4082 πολλὰ
373 4013 410 4082 δὲ
432 4019 539 4099 νόμον
563 4014 730 4101 ἀκριβείας
753 4016 862 4096 λόγων
886 4013 1063 4099 ὀρθότητα,
1086 4025 1205 4081 τοῦτον
1226 4019 1416 4099 νομίζοντες

243 4127 419 4189 θειότατον
451 4120 506 4188 καὶ
535 4124 730 4186 κοινότατον
761 4123 874 4203 νόμον,
907 4123 944 4186 τὸ
977 4119 1055 4187 δέον
1086 4121 1122 4187 έν
1151 4132 1191 4210 τᾷ
1223 4121 1332 4189 δέοντι
1360 4120 1415 4188 καὶ
1527 4153 1530 4156 ’

244 4228 430 4314 λέγεινκαὶ
455 4239 552 4313 σιγᾶν
579 4225 634 4293 καὶ
656 4237 765 4293 ποιεῖν
787 4225 864 4310 (καὶ
888 4226 978 4310 έᾶν>,
1005 4227 1060 4294 καὶ
1088 4230 1186 4295 δισσά
1213 4229 1416 4313 ἀσκήσαντες

243 4337 384 4421 μάλιστα
412 4331 460 4402 ὧν
488 4337 555 4419 δεῖ,
582 4335 718 4419 γνώμην
745 4331 822 4417 <καὶ
849 4333 996 4420 dedicore),
1023 4335 1083 4419 τήν
1110 4332 1171 4420 μὲν
1198 4337 1415 4420 βουλεύοντες

244 4444 306 4526 τήν
329 4440 359 4508 δ’
383 4442 634 4526 ἀποτελοῦντες,
661 4440 865 4525 θεράποντες
893 4437 954 4525 μὲν
977 4453 1044 4506 τῶν
1067 4441 1189 4519 ἀδίκως
1212 4442 1414 4526 δυστυχούν-

244 4573 323 4634 των,
350 4547 507 4618 κολασταὶ
531 4546 567 4615 δέ
590 4560 657 4615 τῶν
680 4547 802 4626 ἀδίκως
826 4547 1067 4634 εὐτυχούντων,
1090 4549 1252 4628 αὐθάδεις
1273 4550 1356 4635 πρὸς
1378 4551 1414 4616 τὸ
