3509 5325
827 498 872 515 ..
919 457 961 531 14
1006 503 1050 515 ..

352 622 500 694 colorem.
546 622 715 712 Propriam
745 626 833 693 enim
862 625 1063 714 singularum
1086 626 1176 692 verbi
1204 626 1347 712 partium
1370 619 1529 714 signitica-

351 735 473 801 tionem
490 756 685 820 quamquam
700 735 831 799 omnino
848 734 915 801 fere
933 734 1026 819 quasi
1044 738 1225 818 evanuerat,
1243 739 1353 802 maren
1366 734 1530 819 sophistae

352 843 456 907 denuo
480 844 673 910 eminentem
696 842 851 927 fecerumt,
873 846 911 907 ut
932 842 1075 909 notionis
1099 842 1147 907 vis
1170 846 1349 927 augeretur.

440 952 619 1035 τνρίχοωςι
648 950 683 1015 in
712 949 870 1015 adiectivo
900 952 1026 1035 πυρρός
1055 949 1140 1035 iguis
1167 950 1258 1013 notio
1288 949 1344 1015 vix
1375 952 1530 1034 servatur,

352 1056 408 1123 sed
430 1061 541 1142 aperta
568 1061 619 1123 est
645 1057 679 1121 in
704 1056 860 1122 vocabulo
888 1078 970 1143 ιιορι
983 1092 1028 1103 -
1040 1080 1135 1143 χρως.
1180 1053 1271 1121 Idem
1297 1055 1384 1123 valet
1411 1056 1450 1121 de
1476 1055 1531 1122 ad-

351 1165 477 1230 iectivis
499 1164 639 1242 κυάνεος
661 1167 694 1229 et
716 1167 916 1251 κυανόχρως.

440 1270 492 1335 Ex
520 1271 599 1355 ipsis
627 1271 845 1356 sophistarum
871 1270 1017 1355 reliquiis
1046 1271 1124 1335 satis
1151 1293 1254 1354 pauca
1276 1272 1373 1337 verba
1401 1291 1530 1356 compo-

352 1378 427 1463 sita,
458 1377 576 1461 quibus
606 1378 784 1463 simplicem
808 1400 919 1444 vocem
947 1379 1147 1444 circumeunt
1177 1379 1364 1463 scriptores,
1392 1379 1531 1464 proferri

351 1489 501 1571 possunt,
527 1507 602 1549 nam
624 1486 784 1571 permulta
806 1485 863 1551 illa
886 1486 984 1551 verba
1007 1486 1199 1570 composita,
1227 1485 1344 1569 quibus
1367 1486 1530 1571 sophistae

351 1592 403 1657 usi
421 1596 505 1677 sunt,
523 1591 610 1657 haud
628 1593 760 1678 propria
778 1597 854 1659 sunt
873 1592 1076 1679 sophisticae,
1098 1592 1154 1659 sed
1172 1594 1316 1680 vulgaris
1335 1590 1530 1659 Graecorum

353 1699 603 1786 consuetudinis.

441 1804 493 1871 Ex
520 1805 776 1891 Antiphontis
808 1807 905 1873 unius
937 1808 1065 1892 scriptis
1097 1808 1252 1873 nonnulla
1284 1807 1372 1874 illius
1405 1807 1530 1893 generis

352 1913 450 1978 verba
473 1915 756 1999 grammaticorum
779 1916 972 1981 testimoniis
996 1916 1170 1981 memoriae
1193 1915 1311 1979 tradita
1335 1919 1418 1980 sunt
1463 1913 1531 2000 Ipsi

353 2023 555 2107 grammatici
578 2023 758 2107 simplicem
781 2044 907 2106 vocem,
934 2024 963 2087 si
988 2044 1056 2087 non
1083 2022 1226 2088 eiusdem
1248 2026 1282 2087 at
1305 2022 1421 2087 similis
1444 2026 1530 2087 certe

354 2128 598 2213 significationis
628 2130 818 2213 plerumque
850 2130 1068 2214 contulerunt,
1098 2151 1163 2213 qua
1189 2151 1223 2194 re
1249 2129 1431 2215 fragmenta
1458 2149 1531 2212 pro—

354 2236 437 2300 ferre
461 2235 539 2301 satis
564 2238 625 2299 est:

443 2340 592 2407 ἀειεστώ.
609 2340 651 2407 'A.
663 2342 723 2426 τὴν
738 2341 910 2427 ἀιδιότητα
924 2341 979 2408 καὶ
994 2344 1031 2409 τὸ
1046 2341 1181 2409 ἐπὶτῶν
1195 2343 1305 2408 αὐτῶν
1320 2340 1371 2408 ἀεὶ
1386 2340 1531 2426 ἐστάναι,

354 2449 463 2535 ὥσπερ
482 2447 537 2514 καὶ
556 2448 679 2514 εὐεστὼ
698 2449 717 2533 ἡ
737 2449 934 2534 εὐδαιμονία
952 2456 1099 2516 καλεῖται
1117 2451 1178 2535 frg.
1193 2450 1236 2514 22
1249 2449 1339 2515 Diels
1354 2446 1411 2537 (97
1424 2447 1530 2536 Blass).

442 2555 657 2641 aduersitate·
686 2556 818 2641 εὐήνιος
846 2558 864 2623 ὁ
892 2566 1010 2644 πρᾶιος
1037 2555 1090 2622 καὶ
1117 2557 1250 2643 μέτριος
1276 2556 1331 2622 καὶ
1358 2558 1403 2641 μὴ
1433 2580 1531 2643 ταρα-

354 2665 462 2750 χώδης
484 2664 545 2749 frg.
562 2663 604 2728 70
624 2663 704 2750 (115
714 2661 765 2752 Β).

443 2769 643 2856 ιἰιιειθαρχία
665 2771 704 2835 fr.
722 2771 762 2835 72
782 2769 916 2859 (12213)
939 2793 998 2855 pro
1022 2770 1184 2838 ἀπείθεια.

445 2878 690 2962 διπλασιασμοῦ
704 2875 758 2943 καλ
773 2878 1008 2962 ἡμιολιασμού·
1031 2877 1103 2944 ἀντὶ
1120 2887 1180 2945 τοῦ
1194 2881 1231 2946 τὸ
1245 2877 1399 2964 ἡμιόλιον
1413 2879 1531 2944 δοῦναι

355 2983 392 3050 ἐν
417 2994 486 3061 τοῖς
512 2988 681 3069 λογισμοῖς
707 2985 767 3072 frg.
785 2984 865 3050 751)
886 2983 1028 3074 (12413).
1074 2985 1269 3073 Fragmenta
1289 2985 1430 3050 72-75
1457 2988 1533 3050 sunt

355 3093 491 3156 fortasse
515 3093 651 3158 oratoris
675 3090 729 3181 (cf.
743 3092 834 3159 Diels
856 3095 877 3158 l.
897 3116 921 3158 c.
941 3118 972 3179 p.
986 3092 1077 3182 560).

443 3197 512 3263 Iam
541 3198 778 3265 Herodotum
810 3222 1041 3285 comparemus.
1092 3199 1193 3276 Quem
1224 3200 1331 3265 studio
1361 3203 1394 3264 et
1423 3221 1532 3264 amore

357 3305 509 3390 quodam,
535 3310 573 3371 ut
595 3328 663 3371 rem
686 3307 865 3371 accuratius
889 3307 1096 3391 exprimeret,
1123 3328 1207 3371 nova
1228 3307 1326 3371 verba
1354 3307 1533 3391 composita

354 3433 526 3496 usurpasse
554 3434 664 3476 omnes
693 3412 750 3496 qui
777 3413 845 3477 eius
872 3413 974 3477 libros
1001 3411 1127 3498 legunt,
1154 3412 1241 3476 haud
1263 3411 1423 3498 ignorant.
1470 3411 1533 3477 Sed

355 3521 506 3604 pleraque
536 3519 604 3584 eius
631 3519 813 3602 composita
842 3541 861 3582 a
888 3519 994 3604 primo
1024 3519 1309 3602 praetermittenda
1338 3523 1427 3606 sunt,
1457 3520 1533 3602 quia

355 3629 412 3690 aut
441 3627 475 3690 in
506 3626 649 3690 omnium
680 3625 872 3709 scriptorum
903 3647 964 3690 usu
993 3630 1161 3691 versantur
1190 3628 1246 3690 aut
1275 3626 1413 3711 simplex
1441 3647 1533 3691 voca-

355 3731 470 3796 bulum·
497 3753 561 3815 quo
588 3731 673 3794 idem
702 3731 880 3796 declaretur
906 3752 972 3795 non
1001 3734 1114 3796 exstat.
1160 3729 1411 3797 Similitudinem
1435 3754 1533 3816 quan-

357 3838 430 3902 dam
454 3858 526 3900 cum
550 3837 768 3920 sophistarum
792 3836 980 3921 compositis
1003 3837 1124 3901 habent
1146 3838 1282 3903 fortasse
1304 3838 1398 3922 haec,
1422 3860 1533 3921 quam-

357 3964 453 4026 quam
477 3964 517 4006 ne
540 3964 577 4005 ee
601 3941 730 4024 quidem
754 3943 823 4008 iure
848 3963 921 4007 oum
950 3943 1127 4027 sophistica
1150 3944 1331 4008 elocutione
1353 3943 1532 4028 comparari

359 4067 454 4132 posse
477 4047 714 4134 intellegemus:

446 4153 634 4239 ἀκρομανής
653 4153 785 4240 V42,2
810 4157 896 4241 quod
918 4161 1028 4223 utrum
1046 4180 1147 4243 paene
1164 4156 1323 4222 furiosum
1341 4179 1383 4222 an
1401 4175 1532 4241 prorsus

357 4260 516 4327 furiosum
544 4263 717 4349 significet,
746 4263 906 4330 incertum
934 4268 996 4349 est,
1028 4265 1087 4329 etsi
1118 4265 1176 4329 illa
1202 4264 1293 4329 notio
1325 4265 1428 4329 multo
1460 4283 1533 4346 pro-

357 4368 497 4435 babilior
526 4371 653 4435 videtur
683 4370 738 4458 (cf.
766 4367 864 4437 Stein.
893 4368 987 4459 adn).
1040 4369 1103 4436 Sed
1133 4392 1351 4455 quaecumque
1381 4374 1430 4436 est
1458 4391 1534 4435 vera

357 4477 445 4544 vocis
464 4477 631 4562 sententia,
654 4478 810 4563 syllabam
828 4477 955 4566 ἀκρο-
975 4480 1042 4544 sive
1059 4483 1253 4564 potestatem
1271 4479 1420 4544 vocabuli
1438 4479 1535 4562 auget

359 4587 425 4650 sive
447 4583 573 4670 minuit,
596 4586 683 4650 haud
706 4607 973 4670 supervacaneam
996 4609 1065 4653 esse
1088 4591 1229 4673 apparet.
