3509 5325
821 441 1043 506 ..28-

349 600 528 689 συμφέρον,
551 603 726 689 εὐόργητοι
745 604 827 687 πρὸς
850 602 887 667 τὸ
910 598 1048 686 πρέπον,
1071 609 1116 685 τῷ
1139 602 1292 688 φρονίμῳ
1311 607 1370 682 τῆς
1387 599 1522 683 γνώμης

346 712 508 787 παύοντες
530 711 567 775 τὸ
590 711 699 795 ἀφρον
721 709 801 793 <crte
824 708 968 794 ῥώμης>,
994 704 1149 792 ὑβρισταὶ
1177 708 1225 784 είς
1250 709 1330 783 τοὺς
1352 704 1519 791 ὑβριστάς,

346 820 478 901 κόσμιοι
506 818 554 893 είς
581 819 659 893 τοὺς
685 819 861 899 κοσμίους,
890 815 1014 899 ἄφοβοι
1042 815 1089 890 είς
1115 815 1194 891 τοὺς
1220 812 1384 898 ἀφόβους,
1414 810 1517 877 δεινοὶ

346 923 383 989 έν
406 934 475 1000 τοῖς
497 924 629 1000 δεινοῖς.
675 923 713 987 cf.
734 920 831 987 etiam
854 920 927 986 Hel.
944 920 972 1005 1,
994 918 1177 1007 Agathonis
1199 920 1297 985 verba
1319 920 1354 983 in
1376 916 1520 983 Platonis

345 1031 468 1095 conviv.
493 1053 523 1114 p.
545 1028 703 1113 1911111,
734 1028 959 1112 Xenophontis
987 1050 1080 1093 mem.
1099 1026 1132 1091 Π
1153 1027 1185 1110 1,
1208 1028 1249 1092 31
1283 1024 1333 1114 (οἳ
1360 1024 1431 1092 νέοι
1460 1021 1521 1111 μὲν

347 1139 439 1213 όντες
463 1133 549 1223 κτὲ.).

434 1242 504 1308 Hac
536 1243 636 1329 igitur
668 1244 703 1306 in
733 1265 767 1307 re
800 1241 1017 1326 sophistarum
1052 1240 1206 1307 orationis
1238 1244 1354 1305 natura
1383 1239 1521 1304 maxime

345 1372 499 1435 apparere
531 1348 612 1415 mihi
644 1349 783 1415 videtur:
819 1349 918 1413 verba
953 1370 1085 1432 prorsus
1116 1349 1183 1412 fere
1219 1347 1260 1412 ab
1292 1369 1354 1412 usu
1388 1350 1521 1430 remota,

345 1456 576 1541 appellationes
600 1455 828 1521 usitatissimae
852 1458 935 1521 sunt.
973 1454 1033 1520 cui
1056 1454 1165 1540 generi
1183 1453 1308 1519 dicendi
1330 1452 1425 1537 plane
1449 1472 1521 1517 con·

345 1564 477 1627 trariam
501 1584 569 1627 esse
587 1562 806 1627 Herodoteam
825 1562 999 1627 dictionem
1023 1584 1104 1645 quae
1122 1561 1228 1626 verbis
1245 1560 1411 1643 redundat,
1433 1558 1521 1623 illico

345 1670 449 1735 elucet
472 1673 570 1753 etque
594 1670 706 1734 dubito
737 1692 778 1734 an
807 1691 873 1733 non
904 1668 1006 1733 ullum
1036 1668 1239 1733 enuntiatum
1269 1668 1303 1731 in
1332 1667 1400 1731 eius
1429 1664 1521 1730 libris

345 1779 505 1860 occurrat,
540 1777 627 1860 quod
659 1798 733 1841 cum
765 1776 830 1842 ilh's
862 1774 998 1862 Gorgiae
1029 1775 1197 1841 sententiis
1227 1774 1378 1857 componi
1409 1772 1520 1857 possit.

349 1882 411 1948 Sed
434 1883 513 1949 haee
535 1884 698 1949 haetenus.

719 2079 749 2143 4.
781 2089 830 2145 De
853 2087 1146 2145 translationibus.

582 2218 614 2308 a)
643 2220 696 2285 De
719 2220 921 2287 arcessitis
944 2220 1279 2286 translationibus.

435 2361 487 2428 Ad
518 2362 726 2429 Aristotelem
762 2367 967 2429 revertamur.
1022 2361 1175 2448 Legimus
1207 2361 1228 2426 1.
1253 2384 1278 2427 e.
1307 2385 1337 2447 p.
1359 2360 1521 2427 14cob5

347 2468 399 2535 καὶ
426 2472 473 2535 ἔτι
496 2468 650 2554 τέταρτον
674 2470 710 2535 τὸ
734 2470 865 2555 ψυχρὸν
889 2469 926 2535 έν
948 2481 1020 2546 ταῖς
1043 2479 1245 2554 μεταφοραῖς
1263 2472 1425 2551 γίγνεται·
1457 2465 1521 2533 stol

348 2578 411 2663 γάρ
435 2574 491 2641 καὶ
513 2573 694 2659 μεταφοραὶ
717 2574 884 2658 ἀπρεπεῖς,
914 2576 952 2641 αί
971 2572 1033 2661 μὲν
1061 2576 1117 2640 διά
1139 2577 1177 2641 τὸ
1200 2580 1349 2659 γελοῖον,
1378 2584 1522 2659 χρῶνται

348 2685 411 2768 γὰρ
440 2681 495 2748 καὶ
526 2685 561 2748 οί
589 2681 821 2770 κωμῳδοποιοὶ
854 2694 1069 2768 μεταφοραῖς,
1101 2684 1139 2748 αι’
1168 2678 1205 2748 δέ
1238 2683 1295 2748 διὰ
1326 2683 1363 2747 τὸ
1397 2683 1520 2766 σεμνὸν

348 2791 433 2872 ἀγαν
461 2787 514 2854 καὶ
542 2792 713 2873 τραγικόν·
746 2789 884 2874 ἀσαφεῖς
907 2788 959 2874 δέ,
987 2789 1029 2854 ἀν
1051 2791 1239 2876 πόρρωθεν.
1280 2779 1354 2854 οἷον
1378 2791 1523 2874 Γοργίας

347 2896 458 2981 χλωρά
485 2892 540 2960 καὶ
568 2897 686 2980 ἔναιμα
714 2897 754 2961 τά
776 2896 963 2981 πράγματα·
996 2898 1039 2961 σὺ
1067 2891 1103 2960 δέ
1131 2905 1234 2962 ταῦτα
1261 2897 1404 2981 αἰσχρῶς
1432 2890 1521 2977 [μέν]

348 3005 500 3086 ἔσπειρας
519 3013 624 3080 κακῶς
644 2999 681 3068 δέ
700 3001 865 3089 έδέρισας·
889 3014 1066 3088 ποιητικῶς
1083 3003 1147 3089 γάρ
1166 3003 1258 3087 ἀγαν.
1283 2999 1338 3066 καὶ
1356 3001 1400 3078 ὡς
1416 2997 1522 3066 Ἀλκι-

349 3109 455 3194 δάμας
477 3109 537 3194 τὴν
559 3112 765 3195 φιλοσοφίαν
787 3109 991 3197 ἐπιτείχισμα
1014 3120 1081 3175 τῶν
1102 3112 1227 3193 νόμων,
1249 3107 1303 3173 καὶ
1326 3109 1388 3191 τὴν
1407 3105 1522 3172 Ὀδόσ-
1600 3111 1609 3124 “
1742 3100 1743 3107 '

349 3232 442 3281 σειαν
465 3219 569 3282 καλὸν
592 3214 810 3302 ἀνθρωπίνου
835 3221 912 3301 βίου
935 3217 1136 3300 κάτοπτρον,
1162 3213 1218 3280 καὶ
1246 3210 1347 3280 οὐδέν
1369 3224 1523 3280 τοιοῦτον

349 3324 485 3408 ἀδυρμα
517 3332 555 3408 τῇ
583 3327 714 3406 ποιησει
742 3320 954 3408 προσφέρων·
987 3322 1116 3386 ἅπαντα
1148 3322 1211 3405 γάρ
1242 3329 1345 3385 ταῦτα
1372 3319 1522 3386 ἀπίθανα

349 3430 404 3494 διὰ
437 3430 476 3493 τὰ
504 3426 669 3512 εἰρημένα.
716 3426 838 3512 Capitis
871 3427 1015 3492 clausula
1045 3426 1129 3490 nihil
1159 3425 1222 3491 hoc
1254 3426 1326 3492 loco
1358 3424 1522 3514 utimur-1).

347 3533 422 3599 Duo
448 3534 696 3598 translationum
724 3556 841 3620 genera
868 3531 1059 3598 Aristoteles
1089 3532 1271 3620 distinguit:
1306 3531 1341 3620 1)
1367 3533 1523 3620 ἀπρεπεῖς

348 3638 381 3728 a)
415 3641 471 3705 διά
503 3642 540 3704 τὸ
573 3644 706 3720 γελοῖον
746 3637 782 3727 b)
816 3640 871 3704 διὰ
908 3641 945 3705 τὸ
982 3641 1106 3722 σεμνὸν
1143 3640 1228 3722 ἀγαν
1263 3637 1319 3705 καὶ
1354 3642 1522 3724 τραγικόν,

349 3744 385 3833 2)
409 3744 547 3830 ἀσαφεῖς
571 3744 613 3810 ἀν
635 3749 824 3829 πόρρωθεν,
849 3766 931 3829 quae
953 3767 1013 3810 nos
1037 3746 1251 3811 internoscere
1269 3746 1325 3810 vix
1343 3769 1522 3831 possumus.

348 3853 400 3916 Ex
423 3851 641 3936 sophistarum
663 3850 808 3934 reliquiis
832 3853 911 3916 haec
934 3853 1089 3916 translata
1111 3852 1301 3935 proferenda
1319 3857 1395 3916 sunt
1413 3853 1522 3917 rerba:

437 3956 685 4043 Protagorae:
709 3959 767 4024 τὸν
786 3960 830 4042 μὴ
850 3957 1039 4041 δυνάμενον
1058 3958 1175 4034 αἰδοῦς
1190 3955 1244 4022 καὶ
1265 3958 1358 4039 δίκης
1376 3956 1522 4042 μετέχειν

348 4067 489 4130 κτείνειν
522 4064 565 4140 ὡς
597 4066 699 4129 νόσον
731 4067 857 4143 πόλεως
888 4063 969 4129 Plat.
988 4063 1076 4128 Prot.
1099 4087 1130 4149 p.
1149 4062 1263 4128 3221).
1305 4062 1344 4127 cf.
1368 4059 1522 4146 Aeschyli

349 4170 454 4235 Prom.
476 4170 560 4234 1067
583 4174 660 4248 τοὺς
679 4173 843 4257 προδότας
861 4173 924 4258 γάρ
944 4182 1053 4256 μισεῖν
1073 4173 1212 4256 ἔμαθον,
1235 4167 1317 4234 κούκ
1336 4170 1404 4233 ἔστι
1423 4170 1522 4243 νόσος

348 4275 445 4362 τῆσδ’
470 4275 575 4362 ἥντιν’
604 4276 771 4345 ἀπέπτυσα
794 4283 929 4365 μᾶλλον.

441 4473 466 4542 1)
485 4471 519 4526 ci.
535 4471 578 4526 rr.
590 4471 678 4542 Marx,
692 4469 1015 4527 Aristoteles'Rhetorik
1032 4469 1075 4526 in:
1095 4469 1236 4526 Sita-Ber.
1252 4469 1278 4524 d.
1291 4486 1312 4524 s.
1324 4467 1386 4524 Ges.
1402 4467 1428 4522 d.
1438 4466 1523 4521 Wiss.

349 4561 497 4632 phil-hist.
512 4561 555 4615 Κ1.
574 4565 643 4616 1900
661 4579 688 4631 p.
700 4565 751 4615 309
763 4578 802 4631 sq.
