3509 5325
727 473 948 544 ης..

338 642 528 727 κυματόνηε
558 640 606 707 IV
629 642 706 725 196,
728 642 749 705 3
780 640 813 718 ἐς
839 642 919 717 τοὺς
945 637 1045 706 ἐπεὰν
1070 637 1253 704 ἀπίκωνται
1280 634 1335 705 καὶ
1361 636 1426 717 έξέ-

250 756 373 817 λωνται
400 750 440 815 τὰ
467 752 604 836 φορτία,
633 746 750 826 θέντες
778 747 861 813 αὐτὰ
890 744 1003 831 ἐπεξῆς
1024 746 1113 832 παρὰ
1135 746 1198 830 τὴν
1219 747 1426 830 κυματώηην.

250 857 431 943 ΙΧ100,3
454 853 509 922 καὶ
536 858 718 940 κηρυκήιον
747 854 853 939 έφοίνη
882 851 935 919 ἐπὶ
962 862 1019 937 τῆς
1044 855 1238 937 κυματώγης
1264 856 1426 937 κείμενον.

251 964 344 1041 Quod
366 963 559 1029 vocabulum
582 966 695 1048 postea
718 962 804 1046 apud
825 959 1000 1045 Iosephum
1022 958 1109 1025 A.·J.
1128 958 1191 1024 XV
1209 960 1239 1044 9,
1258 961 1293 1045 6,
1314 960 1428 1025 Lucia-

249 1094 327 1136 num
351 1069 533 1135 Hermotim
557 1092 582 1135 c.
599 1068 655 1153 84,
682 1066 880 1153 Timebit,
903 1068 1053 1154 Longum
1066 1065 1124 1150 III
1142 1068 1232 1151 28,1
1258 1068 1352 1133 nobis
1376 1089 1427 1132 oc-

252 1177 358 1243 currit.
405 1175 450 1242 At
472 1175 674 1242 Herodotum
701 1176 766 1241 illis
788 1176 868 1241 locis
892 1196 1012 1240 norum
1036 1178 1068 1239 et
1091 1174 1270 1239 inauditum
1294 1174 1426 1239 verbum

250 1306 422 1371 usurpasse
440 1283 572 1349 minime
591 1282 758 1367 probabile
777 1282 905 1347 videtur
922 1286 1094 1366 propterea
1114 1282 1200 1365 quod
1223 1284 1296 1348 voci
1318 1282 1428 1367 ῥηχίη,

252 1415 333 1477 quae
361 1392 447 1477 apud
470 1394 592 1455 ceteros
616 1390 788 1474 scriptores
817 1388 979 1474 significat
1006 1389 1124 1455 fluctus
1151 1390 1186 1455 in
1214 1390 1292 1454 litus
1315 1389 1428 1473 illisos,

251 1499 436 1565 Herodotus
454 1518 579 1582 semper
597 1496 790 1563 sententiam
809 1496 928 1561 subicit
942 1518 1087 1562 accessus
1105 1497 1211 1561 maris.
1248 1496 1330 1563 cf.Il
1346 1495 1427 1581 11,8

252 1606 348 1693 ῥηχίη
387 1606 417 1671 d’
449 1604 485 1671 έν
517 1606 606 1694 αὐτῷ
634 1603 689 1671 καὶ
721 1606 869 1689 ἄμπωτις
900 1603 964 1669 ἀνὰ
1000 1614 1110 1669 πᾶσαν
1141 1602 1267 1689 ἡμέρην
1303 1608 1429 1687 γίνεται

252 1712 316 1779 VII
335 1714 387 1797 37,
410 1713 430 1777 3
450 1710 513 1801 (cf.
533 1703 648 1778 Steinii
670 1710 802 1799 adnot).
829 1710 911 1776 VIII
931 1711 1004 1797 129,
1028 1712 1078 1776 13.
1128 1710 1204 1777 Alia
1235 1712 1335 1798 igitur
1365 1733 1430 1777 vox

254 1843 335 1905 quae
358 1818 443 1885 idem
467 1824 563 1905 atque
586 1820 761 1904 κυματώηη
785 1819 922 1904 valebat,
946 1818 1094 1904 scriptori
1116 1841 1184 1884 non
1201 1823 1328 1904 praesto
1352 1824 1429 1885 erat.

342 1930 538 2013 μιλτηλιφης
560 1931 609 1992 est
630 1927 765 1991 verbum
788 1925 871 2005 ἅπαξ
895 1930 1084 2011 λεγόμενον.
1130 1925 1179 1991 III
1202 1926 1254 2010 58,
1277 1925 1298 1991 5
1326 1926 1363 1992 τὸ
1392 1923 1429 1991 δὲ

254 2036 396 2100 παλαιὸν
420 2035 543 2099 ἅπασαι
566 2034 604 2099 αί
624 2032 696 2111 νέες
718 2030 803 2119 ἦσαν
825 2034 1044 2119 μιλτηλιφέες.
1090 2032 1179 2111 Quae
1203 2055 1266 2099 vox
1293 2033 1429 2098 fortasse

255 2142 295 2206 ab
312 2143 389 2243 ipso
408 2140 581 2209 Herodoto
594 2142 733 2205 formata
756 2144 813 2225 est,
837 2163 1032 2225 quamquam
1056 2163 1126 2205 eam
1144 2162 1213 2205 esse
1235 2163 1340 2205 raram
1364 2162 1431 2204 non

255 2249 381 2313 mirum.
427 2246 492 2312 Hic
523 2251 656 2331 quaeret
689 2248 849 2332 quispiam
876 2269 983 2313 norme
1013 2250 1211 2332 μιλτηλιφής
1244 2270 1430 2333 comparan-

256 2355 332 2421 dum
357 2355 399 2419 sit
428 2376 500 2420 oum
524 2354 742 2439 sophistarum
764 2354 872 2419 verbis
895 2357 1087 2439 κυανόχρως
1109 2358 1141 2419 et
1164 2358 1339 2439 πυρίχρως.
1385 2353 1431 2419 ht

256 2462 394 2548 simplex
417 2460 551 2527 verbum
573 2465 760 2546 promptum
783 2483 850 2526 non
873 2465 954 2546 erat,
982 2462 1068 2546 quod
1091 2466 1233 2546 μίλτειος
1256 2463 1343 2526 valet
1364 2484 1431 2527 non

255 2570 448 2653 minianum,
479 2569 536 2633 sed
567 2568 760 2634 miniarium.
811 2569 850 2633 cf.
874 2567 1014 2653 Philipp.
1034 2568 1069 2633 in
1092 2566 1190 2634 Anth.
1208 2568 1275 2633 Pal.
1295 2566 1342 2633 Vl
1367 2568 1430 2633 103

256 2682 389 2766 μιλτείφ
420 2677 588 2762 στέμματι.
634 2681 780 2762 μίλτινος
809 2681 917 2742 eutem
947 2679 1033 2762 apud
1061 2677 1271 2743 Plutarchum
1302 2678 1431 2742 demum

255 2787 392 2872 legimus
420 2785 505 2850 idem
534 2785 718 2870 significans
741 2789 837 2869 atque
860 2788 1070 2870 μιλτηλιφηςε
1097 2785 1137 2851 de
1160 2806 1318 2850 commun.
1337 2785 1430 2850 notit.

256 2893 325 2957 adv.
346 2891 443 2968 Stoic.
462 2892 507 2956 40
529 2915 559 2976 p.
576 2891 701 2956 1081Β
724 2891 786 2957 κᾶν
809 2884 830 2977 ᾗ
854 2896 956 2980 μίλτφ
984 2894 1045 2976 τὴν
1074 2890 1271 2976 ἐπιφάνειαν
1299 2891 1431 2976 ἀληλιμ-

259 2998 357 3084 μένη,
380 3003 534 3084 μιλτίνην
557 2995 767 3084 ἐνομόρξεται
790 3007 835 3086 τῷ
859 2997 1002 3086 έπιπέόφ
1025 3002 1187 3082 γραμμήν.
1229 2996 1371 3084 (Nomen
1393 3002 1431 3064 τὸ

258 3109 409 3189 μίλτινον
434 3106 572 3172 occurrit
595 3106 628 3168 in
652 3109 711 3169 eet.
730 3103 823 3170 Rom.
838 3104 883 3169 40
901 3126 932 3190 p.
946 3105 1011 3169 287
1022 3102 1076 3192 D.)

347 3214 548 3295 μουσοποιός
570 3210 735 3296 Π135,2
764 3209 868 3294 ἐλύθη
897 3208 1073 3295 χρημάτων
1100 3210 1252 3294 μεγόλων
1281 3212 1347 3277 ὑπὸ
1375 3210 1431 3276 όν-

260 3319 338 3403 dcte
352 3322 586 3402 Μυτιληναίου
602 3317 754 3400 Χαράξου
772 3327 832 3384 τοῦ
847 3318 1168 3402 Σκαμανδρωνύμου
1186 3319 1315 3401 παιδός,
1338 3316 1433 3383 ἀδελ-

259 3433 344 3508 φεοῦ
368 3421 404 3490 όὲ
430 3430 593 3508 Σαπφοῦς
619 3435 676 3508 της
702 3434 918 3508 μουσοποιοῦ.
962 3422 1051 3489 Idem
1074 3424 1266 3490 vccabulum
1293 3425 1432 3510 legimus

258 3532 293 3598 in
315 3531 481 3616 Euripidis
502 3530 600 3616 Hipp.
617 3531 702 3596 1428
726 3530 800 3595 Ττο.
817 3530 902 3595 1189
925 3530 1088 3596 Theocriti
1107 3533 1205 3618 epigr.
1220 3533 1273 3618 20,
1287 3533 1316 3597 3.
1335 3532 1432 3617 21,1.

259 3637 379 3703 contra
401 3637 562 3722 simplices
585 3659 695 3722 voces,
718 3638 834 3721 quibus
858 3642 956 3722 poeta
977 3637 1097 3722 lyricus
1121 3638 1320 3724 designetur,
1348 3639 1434 3724 apud

259 3746 451 3829 posteriores
475 3744 603 3810 demum
631 3745 847 3809 inveniuntur.
895 3745 934 3810 cf.
953 3748 1086 3829 λυρικός
1108 3744 1193 3811 Plut.
1211 3745 1346 3811 Num4
1370 3745 1432 3810 Cic.

260 3873 303 3917 or.
324 3850 471 3936 55,183,
498 3854 629 3935 μελικός
655 3850 739 3916 Plut.
759 3851 878 3916 consol.
903 3852 944 3915 ad
966 3850 1072 3936 Apoll.
1096 3875 1126 3936 p.
1144 3853 1207 3917 120
1221 3851 1259 3937 0,
1287 3853 1434 3941 μελφὸός

260 3962 367 4023 autem
386 3960 420 4022 in
438 3956 584 4023 Platonis
602 3960 664 4044 leg.
678 3959 698 4023 l.
712 3956 761 4023 IV
778 3981 809 4043 p.
825 3957 930 4023 7231)
948 3963 1111 4024 cantorem
1131 3959 1290 4024 declarare
1312 3961 1434 4045 perspi·

260 4087 355 4130 cuum
378 4065 518 4150 videtur,
548 4070 677 4150 poetam
704 4067 841 4150 lyricum
869 4065 904 4129 in
926 4087 1021 4131 carm.
1040 4064 1433 4150 pseud-Anacreont12

260 4170 366 4237 Hiller
389 4173 526 4237 demum.

350 4282 576 4363 στεινόπορος,
601 4279 688 4364 quod
711 4277 919 4344 Aristotelem
937 4280 958 4344 1.
977 4300 1003 4344 c.
1028 4279 1063 4343 in
1084 4276 1308 4345 Alcidemante
1330 4303 1435 4365 repre-

260 4384 411 4450 hendisse
433 4387 581 4470 vidimus,
603 4387 689 4470 apud
707 4384 908 4450 Herodotum
928 4390 1188 4470 quoqueexstet.
1230 4386 1292 4463 Qui
1310 4391 1343 4452 et
1361 4389 1435 4452 sub-

262 4491 403 4556 stantivo
426 4493 462 4557 τὸ
487 4495 701 4574 στεινότορον
725 4515 802 4558 usus
825 4497 886 4577 est,
910 4493 996 4577 quod
1018 4493 1053 4558 in
1075 4494 1217 4558 omnium
1241 4493 1434 4580 scriptorum

261 4620 324 4664 usu
346 4597 445 4662 fuisse
463 4598 602 4665 videtur:
625 4597 777 4685 vnete,
793 4600 835 4664 10
854 4603 888 4665 οἳ
910 4596 947 4664 δὲ
966 4599 1029 4664 ἀνὰ
1049 4602 1107 4677 τὰς
1129 4598 1290 4687 προτέρας
1312 4600 1434 4687 ἡμέρας
