3509 5325
716 478 938 549 ...51ᾤ

238 642 447 730 inveniamus,
471 667 608 730 quorum
627 646 762 711 aiterum
785 646 881 711 oolon
902 647 997 729 plane
1020 666 1290 730 supervacaneum
1314 647 1413 710 estet

238 752 375 817 inutile?
419 752 516 817 Haud
542 775 614 818 raro
644 775 742 818 unam
770 753 936 817 notionem
966 750 1000 815 in
1027 752 1106 816 duas
1133 755 1241 835 partes
1268 751 1352 816 inter
1380 774 1413 815 se

240 858 406 943 opposuita
430 860 554 944 divisit,
578 882 674 944 quam
696 860 832 947 figuram
857 859 943 943 apud
967 856 1119 945 Gorgiam
1141 857 1352 942 rarissimam,
1379 860 1413 924 in

238 964 374 1030 Homeri
393 970 489 1050 atque
507 968 652 1031 omnium
671 967 865 1051 scriptorum
885 986 1030 1030 sermone
1049 966 1126 1030 setis
1145 965 1298 1031 usitatam
1315 966 1413 1030 fuisse

240 1072 388 1138 vidimus.
434 1071 594 1157 Exempla
612 1072 695 1139 ‘haee
718 1076 805 1139 sunt:

329 1178 383 1244 καὶ
416 1187 506 1245 κεῖθι
539 1181 757 1264 συγκυβεύειν
789 1189 828 1265 τῇ
860 1182 1028 1264 Δήμητρι,
1064 1177 1119 1244 καί
1150 1183 1190 1244 τὰ
1221 1176 1282 1263 μὲν
1314 1188 1412 1244 νικᾶν

240 1285 347 1369 αὐτὴν
369 1287 409 1351 τὰ
432 1282 470 1352 δὲ
494 1284 675 1351 ἑσσοῦσθαι
698 1284 756 1351 ὑπ’
777 1286 876 1368 αὐτῆς
898 1284 931 1350 Π
951 1286 1024 1370 122,
1038 1286 1068 1350 3.

329 1394 503 1476 Αἰγύπτου
534 1394 574 1457 τὰ
606 1389 667 1477 μὲν
700 1395 768 1457 dvm
801 1393 888 1457 καίτοι
921 1395 1034 1477 θησω,
1070 1394 1110 1457 τὰ
1146 1389 1184 1458 di
1220 1392 1307 1457 κάτω
1344 1394 1414 1457 ἄνω

240 1496 289 1563 ΙΠ
312 1499 343 1585 3,
363 1500 413 1564 12.

331 1604 409 1671 οὐδὲ
437 1606 522 1683 ὅκως
548 1630 581 1671 τι
609 1606 642 1685 ἐξ
671 1606 800 1672 ἐκείνου
827 1615 888 1672 τοῦ
916 1606 1039 1690 ἀνδρὸς
1065 1607 1174 1682 νεῖκός
1202 1630 1253 1671 τοι
1281 1608 1371 1671 ἔσται
1394 1604 1415 1688 ἢ

241 1711 324 1796 μέγα
347 1712 367 1797 ἢ
391 1715 530 1797 σμικρόν
553 1711 603 1778 ΠΙ
621 1714 729 1798 62,11
754 1710 851 1799 (quae
876 1714 982 1799 figura
1004 1713 1264 1798 frequentissima
1287 1716 1348 1796 est,
1376 1713 1416 1776 ef.

240 1818 398 1884 Herodoti
416 1818 447 1884 V
468 1818 613 1904 106,13;
637 1817 748 1904 Odyss.
768 1844 788 1885 κ
803 1817 870 1905 94).

331 1936 429 1991 τοῦτο
453 1924 490 1991 δὲ
514 1926 554 1991 οὐ
577 1928 705 2009 λόγοισι
729 1922 800 1992 ἀλλ’
823 1930 949 2011 ἔργοισι
973 1922 1049 1992 οἶδα
1072 1928 1192 2011 μαθών
1215 1925 1247 1991 V
1261 1926 1314 2011 24,
1328 1926 1358 1991 6.

331 2031 459 2121 ἀποχρᾷ
479 2031 518 2098 τέ
537 2057 593 2117 μοι
611 2035 839 2118 Σπαρτιήτῃσι
859 2032 1080 2118 ἀρεσκόμενον
1099 2034 1174 2098 ὅσια
1196 2030 1258 2118 μὲν
1277 2032 1414 2116 ποιέειν,

244 2139 319 2204 ὅσια
342 2136 379 2205 δὲ
402 2136 456 2203 καί
480 2132 589 2222 λέγειν
612 2137 659 2203 IX
678 2138 795 2223 79,10.

332 2244 418 2321 Quae
447 2246 554 2310 omnia
583 2267 650 2311 non
680 2246 831 2310 differunt
861 2246 902 2310 ab
924 2244 1105 2311 Homericis
1133 2247 1288 2330 exemplis
1319 2268 1417 2331 supra

243 2352 387 2437 prolatis,
410 2373 482 2417 eum
507 2350 644 2439 Gorgiae
667 2352 807 2418 diutione
829 2374 895 2417 non
919 2356 994 2417 suut
1015 2352 1235 2435 comparanda
1281 2352 1418 2417 Restant

242 2460 278 2523 hi
300 2459 377 2523 loei:

332 2566 393 2649 τὴν
418 2564 531 2650 μέντοι
555 2564 771 2650 ἐπειρώτησιν
794 2567 917 2648 ταύτην
945 2564 1056 2650 ἄρξειν
1080 2569 1373 2650 Λακεδαιμονίοισι
1397 2566 1417 2650 ἣ

244 2677 362 2758 μυρίης
391 2676 568 2755 κακότητος
597 2675 617 2759 ἢ
644 2677 763 2758 μυρίης
791 2673 1004 2757 εὐδαιμονίης
1027 2671 1145 2758 VIdV,
1165 2673 1214 2737 11.
1262 2671 1314 2737 Ad
1337 2695 1419 2757 quae

245 2777 336 2845 Stein
358 2780 525 2846 adnotavit
547 2781 639 2845 haee:
663 2771 741 2845 ‘Der
758 2779 886 2846 Redner
908 2781 1026 2846 nimmt
1047 2781 1125 2845 bloss
1148 2781 1205 2845 das
1224 2785 1307 2845 erste
1327 2777 1419 2845 (iliad

244 2887 410 2974 ernstlioh3
441 2887 497 2950 das
527 2887 643 2952 andere
672 2886 775 2951 bildet
803 2910 864 2952 nur
891 2888 985 2952 einen
1011 2887 1232 2952 rhetorisehen
1255 2886 1418 2952 Kontrast.

244 2993 319 3078 Vgl.
341 2993 443 3079 V89,
465 2993 514 3058 15.
542 2991 606 3062 VH
630 2993 649 3056 8
669 3017 690 3075 γ
711 2993 760 3057 14.
787 2992 867 3058 VIH
886 2994 929 3057 68
948 3016 969 3075 γ
987 2993 1016 3057 6.
1058 2992 1094 3056 11.
1114 3018 1126 3057 ι
1146 2992 1188 3055 79
1215 2992 1275 3070 νὺξ
1303 2991 1334 3058 δ’
1361 2989 1414 3076 ἥδ’

244 3097 282 3184 ἠὲ
302 3101 485 3186 διαρραίσει
504 3101 644 3185 στρατὸν
661 3097 698 3183 ἠὲ
718 3101 846 3165 σαώσει.
877 3097 976 3183 Soph.
991 3097 1041 3162 Αἰ.
1055 3099 1116 3164 131
1137 3100 1181 3174 ὡς
1194 3099 1298 3183 ἡμέρα
1312 3103 1418 3163 κλίνει

245 3230 278 3272 τε
301 3203 438 3290 κάνᾶγει
461 3207 561 3271 πάλιν
579 3204 728 3271 ’Ἁπαντα
751 3204 985 3291 τάνθρώπεια]
1029 3204 1075 3272 At
1096 3227 1201 3289 neque
1229 3207 1263 3268 iu
1285 3203 1419 3269 Homeri

245 3335 348 3396 neque
367 3313 401 3376 in
416 3311 586 3397 Sophoclis
599 3334 694 3377 versu
711 3310 847 3377 alterum
866 3313 962 3378 eolon
980 3311 1152 3377 desiderari
1170 3315 1304 3396 potest*
1322 3309 1420 3376 Nam-

246 3441 308 3503 que
331 3418 451 3485 Nestor
473 3423 506 3484 et
528 3419 621 3484 timet
644 3441 684 3484 ne
707 3420 864 3484 exereitus
888 3419 1044 3498 deleatur,
1072 3423 1105 3482 et
1128 3421 1236 3503 sperat
1259 3440 1333 3482 eum
1356 3438 1420 3481 ser·

246 3529 357 3592 vatum
384 3525 439 3609 iri,
469 3530 502 3590 et
528 3525 674 3590 Minerva
704 3547 795 3591 casus
826 3524 1039 3590 humanarum
1069 3547 1176 3590 rerum
1204 3524 1319 3589 dubios
1352 3513 1420 3589 esse

247 3633 334 3698 dieit.
380 3631 570 3696 Demaratus
594 3636 701 3715 autem
725 3633 793 3716 ipse
818 3655 945 3716 quoque
968 3633 1003 3696 in
1025 3633 1096 3696 loeo
1115 3630 1300 3696 Herodoteo
1324 3632 1421 3716 signi-

246 3739 323 3803 fieat
344 3737 407 3803 hoo
430 3739 481 3802 die
503 3739 665 3804 fortunam
685 3739 1010 3804 Lacedaemoniorum
1033 3737 1068 3802 iu
1090 3741 1235 3822 apertum
1255 3759 1421 3802 evasuram

248 3867 316 3911 esse
339 3845 508 3910 discrimen
516 3843 549 3932 ¹).
595 3844 685 3910 Idem
708 3845 772 3910 diei
795 3845 890 3910 debet
913 3846 951 3910 de
974 3844 1025 3910 his
1048 3844 1141 3909 loeis:

336 3952 379 4036 ἣν
408 3949 445 4017 δὲ
472 3951 590 4018 αὐτίκα
618 3952 928 4036 ἐπιστρατεύωνται,
957 3952 1064 4016 πολλὰ
1092 3946 1154 4033 μὲν
1183 3949 1285 4034 σφέας
1313 3949 1349 4014 ἐν
1376 3959 1421 4036 τῷ

248 4057 368 4143 μεταξὺ
391 4067 452 4123 τοῦ
474 4061 598 4143 χρόνον
621 4062 795 4123 πείσεσθαι
817 4054 982 4123 πολλὰδὲ
1006 4055 1061 4121 καὶ
1083 4057 1235 4138 ποιησειν
1254 4054 1352 4139 V89,
1370 4055 1421 4120 13.

249 4162 372 4242 Quibus
395 4164 501 4229 verbis
524 4163 604 4228 haee
626 4163 812 4228 subieieuda
839 4166 889 4228 est
911 4163 972 4228 vis:
1000 4162 1122 4227 bellum
1145 4165 1275 4246 geretur
1296 4163 1422 4248 magnis

248 4272 417 4354 utriusque
446 4272 548 4355 partis
578 4270 792 4354 detrimentis,
823 4291 1017 4355 quamquam
1047 4271 1137 4354 prius
1167 4269 1262 4334 eolon
1292 4269 1422 4333 maioris

249 4399 317 4443 esse
340 4379 496 4442 momenti
520 4377 756 4444 eoncedendum
779 4380 836 4443 est.

341 4611 365 4679 1)
385 4606 484 4662 eadem
501 4606 611 4662 ratione
628 4606 722 4662 locum
740 4606 943 4677 interpretatus
962 4608 1005 4661 est
1022 4605 1154 4661 Kemmer
1170 4604 1189 4659 1.
1205 4622 1227 4659 o.
1246 4621 1273 4674 p.
1285 4609 1320 4658 44
1330 4621 1370 4671 sq.

1175 4694 1210 4746 4*
