3509 5325
792 449 1016 513 ..44-

406 606 458 672 Ad
481 607 578 673 finem
607 607 814 692 perduximus
842 608 905 675 hoo
933 610 972 674 de
994 610 1126 697 poetice
1153 610 1370 695 sophistarum
1397 616 1493 697 atque

316 713 474 779 Herodoti
502 716 683 779 elocutione
711 719 816 800 caput.
862 716 913 780 Ea
940 739 1021 800 quae
1048 718 1243 804 invenimus,
1269 741 1355 785 nunc
1382 721 1492 804 paucis

224 832 225 835 ’
317 821 488 905 complecti
520 821 601 886 mihi
633 821 736 887 liceat.
788 821 899 888 Oratio
927 822 1111 889 Herodotea
1142 828 1236 889 vacat
1267 824 1332 890 illis
1364 824 1492 911 frigidis

316 928 486 993 verborum
509 928 692 1012 lenociniis,
720 928 759 993 de
788 929 905 1014 quibus
928 927 1119 995 Aristoteles
1142 931 1304 1017 sophistas
1333 933 1491 1019 obiurgat.

315 1034 354 1101 In
372 1034 560 1118 compositis
579 1035 686 1100 verbis
704 1034 882 1101 formandis
901 1040 991 1101 extra
1008 1038 1089 1101 fines
1104 1039 1284 1103 communis
1299 1036 1491 1104 Graecorum

316 1142 556 1209 consuetudinis
579 1164 645 1206 non
673 1142 806 1207 excedit.
853 1141 1013 1227 Apposita
1039 1166 1170 1228 prorsus
1198 1166 1432 1229 supervacanea
1458 1150 1492 1211 et

315 1248 443 1313 inutilia
462 1249 544 1333 apud
565 1272 637 1314 eum
656 1246 750 1313 nobis
764 1270 830 1313 non
844 1254 1057 1316 occmrerunt.
1095 1250 1373 1317 Translationibus
1386 1274 1490 1336 neque

314 1356 411 1419 nimis
436 1355 554 1420 enebris
577 1377 681 1439 neque
705 1356 801 1420 altius
824 1356 971 1440 repetitis
994 1380 1071 1423 usus
1095 1361 1151 1423 est.
1196 1357 1311 1442 Neque
1333 1380 1384 1443 ea,
1409 1380 1490 1442 quae

314 1466 478 1546 praeterea
504 1464 635 1546 propria
666 1462 765 1528 fuisse
793 1462 962 1548 sophistici
989 1464 1057 1528 stili
1087 1464 1240 1551 vidimus,
1271 1465 1307 1529 in
1332 1463 1491 1531 Herodoti

315 1568 406 1634 libris
425 1569 615 1633 invenimus.
653 1568 715 1645 Qui
733 1592 836 1654 neque
856 1571 1080 1656 grammaticas
1098 1571 1266 1637 nominum
1284 1572 1490 1656 potissimum

316 1679 348 1740 ct
372 1676 593 1759 appositorum
611 1676 752 1741 rationes
771 1678 856 1743 inter
875 1700 909 1741 se
926 1678 1123 1761 permutavit
1140 1701 1244 1763 neque
1262 1680 1410 1744 notiones
1434 1684 1490 1743 aut

314 1804 365 1847 res
389 1783 546 1847 inanimae
569 1782 710 1849 humana
732 1784 838 1849 induit
860 1788 983 1850 natura.

403 1888 471 1954 lam
495 1894 618 1955 restant
639 1890 794 1955 nonnulla
817 1892 984 1976 vocabula,
1007 1893 1124 1976 quibus
1142 1896 1269 1977 praeter
1286 1892 1488 1959 Herodotum

315 2000 371 2061 aut
402 1995 563 2081 sophistes
594 2001 715 2087 poetae·
737 1999 798 2063 soli
821 1998 871 2063 usi
895 2021 963 2063 esse
990 1998 1154 2083 videntur,
1185 2022 1267 2084 quae
1294 2022 1489 2084 quamquam

314 2107 446 2187 propter
478 2103 641 2189 ingentem
675 2101 867 2170 Graecarum
903 2105 1084 2170 litterarum
1120 2106 1247 2171 ruinam
1282 2130 1354 2171 raro
1392 2108 1488 2173 modo

315 2215 438 2276 certum
469 2211 539 2275 fieri
576 2214 684 2294 potest
721 2210 902 2296 iudicium,·
926 2215 1035 2276 tamen
1069 2212 1210 2277 breviter
1244 2214 1489 2300 perstringenda

315 2320 398 2381 sunt.
452 2316 491 2381 In
526 2316 712 2383 universum
749 2318 812 2384 hoc
851 2319 1056 2384 statuendum
1087 2320 1215 2384 videtur
1250 2321 1322 2385 illas
1360 2343 1489 2406 quoque

314 2445 408 2488 voces
431 2422 633 2488 Herodotum
656 2429 688 2489 et
711 2425 872 2510 sophistes
896 2448 914 2489 e
937 2426 1062 2491 diverso
1085 2427 1175 2490 fonte
1192 2426 1345 2493 hausisse.
1391 2428 1487 2494 Illum

314 2528 433 2617 cnim1)
456 2529 661 2596 Homericam
688 2532 828 2598 maxime
851 2532 1065 2598 elocutionem
1083 2533 1245 2598 imitatum
1264 2556 1334 2600 ⁴esse
1353 2539 1488 2615 constat,

313 2637 373 2704 hos
401 2639 533 2725 tragicis
561 2639 767 2723 potissimum
796 2644 828 2706 et
851 2639 1095 2724 dithyrambicis
1122 2663 1198 2708 usos
1226 2664 1295 2708 esse
1322 2642 1487 2709 vocabulis

313 2745 376 2808 iam
406 2749 527 2810 veteres
558 2747 596 2810 de
625 2751 693 2811 arte
725 2745 886 2811 rhetorica
918 2747 1088 2831 scriptores
1122 2746 1343 2836 iudicarunt2).
1394 2747 1487 2826 Quod

312 2853 457 2937 reliquiis
481 2853 560 2937 ipsis
585 2853 726 2919 excussis
749 2875 882 2937 prorsus
905 2854 1123 2939 confirmatur,
1144 2877 1248 2939 neque
1271 2855 1487 2941 Engelbertns

313 2959 440 3043 Drerup
467 2959 677 3044 Protagoram
705 2961 828 3045 epicam
856 2964 1003 3028 secutum
1031 2983 1099 3027 esse
1127 2961 1301 3028 dictionem
1329 2984 1387 3027 suo
1418 2963 1487 3028 iure

314 3065 518 3153 contendit³).
565 3065 732 3132 Vocabula
759 3067 858 3151 enim,
891 3089 973 3151 quae
1000 3069 1104 3151 poetis
1132 3069 1209 3133 solis
1238 3090 1388 3134 concessa
1417 3093 1486 3135 esse

312 3173 470 3257 videntur,
489 3174 680 3238 omniafere
698 3172 836 3259 legimus
855 3174 940 3257 apud
958 3175 1098 3259 tragicos
1116 3178 1238 3260 poetas,
1255 3175 1382 3241 nullum
1401 3176 1487 3259 apud

313 3279 498 3344 Homerum.
545 3279 639 3362 εὐδίη
668 3277 742 3366 (frg.
763 3279 782 3342 9
807 3277 926 3366 Diels),
958 3281 1050 3345 cuius
1079 3280 1167 3347 vocis
1198 3282 1345 3365 poeticus
1377 3286 1486 3352 temen

313 3385 402 3451 color
426 3386 503 3450 satis
528 3389 576 3450 est
599 3385 725 3468 dubius,
748 3385 783 3450 in
806 3385 940 3452 Homeri
963 3388 1157 3453 carminibus
1181 3391 1266 3452 certe
1287 3410 1355 3453 non
1378 3410 1486 3456 occur-

312 3493 364 3555 rit.
404 3491 562 3575 εὐποτμίη
587 3489 691 3578 (ibid.)
716 3492 794 3557 alibi
816 3515 883 3557 non
904 3494 1024 3578 legitur
1046 3493 1111 3559 nisi
1133 3495 1218 3578 apud
1241 3494 1406 3560 Xanthum
1430 3493 1484 3582 (cf.

314 3597 400 3664 Suid.
422 3620 444 3662 s.
464 3595 507 3684 v.)
532 3602 564 3662 et
585 3598 773 3681 posterioris
792 3598 907 3663 aetatis
927 3601 1108 3684 scriptores,
1133 3603 1234 3665 veluti
1257 3601 1342 3686 apud
1364 3601 1484 3686 Diony-

313 3705 397 3768 sium
418 3703 489 3768 Hal.
515 3709 547 3768 et
569 3705 756 3790 Lucianum,
779 3709 891 3769 contra
914 3706 1106 3772 adieetivum
1129 3709 1291 3791 εὔποτμος
1313 3729 1484 3792 usurpave-

312 3815 387 3875 runt
411 3812 475 3876 iam
494 3811 674 3896 Aeschylus
693 3812 728 3876 in
743 3810 804 3898 Ag.
819 3812 886 3876 233
905 3816 937 3878 et
956 3812 1133 3897 Sophocles
1152 3815 1186 3878 in
1205 3815 1266 3900 frg.
1282 3814 1346 3879 146
1360 3814 1484 3880 Nauck.
1507 3837 1510 3840 ⁴

312 3916 481 4000 ἀνωδυνίη
514 3922 641 4002 praeter
668 3919 878 4005 Protagoram
911 3921 1027 3986 medici
1058 3924 1185 3985 tantum
1213 3921 1409 4005 scripserunt
1436 3921 1485 4008 (in

313 4023 442 4088 Pindari
466 4024 561 4108 Pyth.
581 4025 641 4108 3,6
671 4047 758 4091 nunc
788 4025 909 4112 legitur
940 4024 1134 4112 rodestech
1166 4027 1338 4104 ἀνώδυνος
1370 4029 1404 4092 in
1428 4026 1485 4093 So·

402 4307 427 4374 1)
447 4306 481 4360 cf.
496 4306 688 4374 Forstemann
707 4307 743 4361 de
755 4307 899 4362 vocabulis
913 4325 986 4376 quae
999 4308 1129 4364 videntur
1143 4325 1203 4363 esse
1218 4311 1294 4378 apud
1310 4310 1483 4364 Herodotum

310 4392 437 4462 poeticis.
465 4394 726 4464 Parthenop.1892.

401 4484 426 4552 2)
446 4483 480 4537 cf.
500 4483 615 4552 Dionys.
630 4482 693 4536 Hal.
709 4483 771 4552 Lys.
788 4489 803 4536 3
823 4484 866 4554 (ori
886 4481 981 4554 πόρρω
1000 4485 1195 4557 διθυράμβων,
1214 4486 1249 4540 cf.
1269 4504 1290 4540 s.
1310 4506 1336 4556 p.
1349 4489 1383 4555 7).

401 4576 428 4640 3)
446 4571 477 4624 in
495 4571 605 4625 Untcrs.
624 4589 673 4624 zur
691 4571 798 4625 altorem
816 4573 920 4642 griech.
936 4573 1165 4628 Prosalitteratur
1185 4580 1253 4628 1901
1271 4593 1299 4644 p.
1315 4580 1374 4628 222.
