<?xml version="1.0" encoding="UTF-8"?>
<!DOCTYPE html PUBLIC "-//W3C//DTD XHTML 1.0 Transitional//EN"
    "http://www.w3.org/TR/xhtml1/DTD/xhtml1-transitional.dtd">
<html xmlns="http://www.w3.org/1999/xhtml" xml:lang="en" lang="en">
 <head>
  <title>
</title>
<meta http-equiv="Content-Type" content="text/html;charset=utf-8" />
  <meta name='ocr-system' content='tesseract 3.04.00' />
  <meta name='ocr-capabilities' content='ocr_page ocr_carea ocr_par ocr_line ocrx_word'/>
</head>
<body>
  <div class='ocr_page' id='page_1' title='image "./deherodotielocu00wundgoog_0020.png"; bbox 0 0 3509 5325; ppageno 0'>
   <div class='ocr_carea' id='block_1_1' title="bbox 811 449 1032 517">
    <p class='ocr_par' dir='ltr' id='par_1_1' title="bbox 811 449 1032 517">
     <span class='ocr_line' id='line_1_1' title="bbox 811 449 1032 517; baseline -0.005 -17"><span class='ocrx_word' id='word_1_1' title='bbox 811 449 1032 517; x_wconf 61' lang='lat'>...13-</span> 
     </span>
    </p>
   </div>
   <div class='ocr_carea' id='block_1_2' title="bbox 339 609 1510 1064">
    <p class='ocr_par' dir='ltr' id='par_1_2' title="bbox 339 609 1510 1064">
     <span class='ocr_line' id='line_1_2' title="bbox 427 609 1510 700; baseline -0.001 -24"><span class='ocrx_word' id='word_1_2' title='bbox 427 614 547 695; x_wconf 79' lang='grc' dir='ltr'><strong><em>θήγειν</em></strong></span> <span class='ocrx_word' id='word_1_3' title='bbox 554 609 579 700; x_wconf 88' lang='grc'><strong><em>1)</em></strong></span> <span class='ocrx_word' id='word_1_4' title='bbox 603 613 701 677; x_wconf 86' lang='lat' dir='ltr'>verbo</span> <span class='ocrx_word' id='word_1_5' title='bbox 721 612 942 678; x_wconf 85' lang='lat' dir='ltr'>inflammandi</span> <span class='ocrx_word' id='word_1_6' title='bbox 961 612 1152 677; x_wconf 76' lang='lat' dir='ltr'>sententiam</span> <span class='ocrx_word' id='word_1_7' title='bbox 1171 610 1335 677; x_wconf 79' lang='lat' dir='ltr'>subiciunt</span> <span class='ocrx_word' id='word_1_8' title='bbox 1352 611 1510 677; x_wconf 80' lang='lat' dir='ltr'><strong>Pindarus</strong></span> 
     </span>
     <span class='ocr_line' id='line_1_3' title="bbox 339 717 1510 805; baseline -0.003 -20"><span class='ocrx_word' id='word_1_9' title='bbox 339 720 373 785; x_wconf 87' lang='lat' dir='ltr'><strong><em>in</em></strong></span> <span class='ocrx_word' id='word_1_10' title='bbox 392 717 440 783; x_wconf 94' lang='lat' dir='ltr'><strong><em>Ol.</em></strong></span> <span class='ocrx_word' id='word_1_11' title='bbox 459 718 490 783; x_wconf 93' lang='lat' dir='ltr'>X</span> <span class='ocrx_word' id='word_1_12' title='bbox 509 719 566 805; x_wconf 75' lang='lat'><strong><em>203</em></strong></span> <span class='ocrx_word' id='word_1_13' title='bbox 588 719 761 803; x_wconf 82' lang='lat' dir='ltr'>Euripides</span> <span class='ocrx_word' id='word_1_14' title='bbox 783 720 818 784; x_wconf 91' lang='lat' dir='ltr'><strong><em>in</em></strong></span> <span class='ocrx_word' id='word_1_15' title='bbox 837 717 890 783; x_wconf 89' lang='lat' dir='ltr'><strong><em>Or.</em></strong></span> <span class='ocrx_word' id='word_1_16' title='bbox 908 717 1007 804; x_wconf 78' lang='lat'>16253</span> <span class='ocrx_word' id='word_1_17' title='bbox 1029 718 1212 804; x_wconf 87' lang='lat' dir='ltr'>Xenophon</span> <span class='ocrx_word' id='word_1_18' title='bbox 1233 719 1269 783; x_wconf 90' lang='lat' dir='ltr'><strong><em>in</em></strong></span> <span class='ocrx_word' id='word_1_19' title='bbox 1292 717 1410 803; x_wconf 77' lang='lat' dir='ltr'>Cyrop.</span> <span class='ocrx_word' id='word_1_20' title='bbox 1429 717 1462 783; x_wconf 91' lang='grc' dir='ltr'><strong><em>Π</em></strong></span> <span class='ocrx_word' id='word_1_21' title='bbox 1482 718 1510 803; x_wconf 88' lang='grc'><strong><em>1,</em></strong></span> 
     </span>
     <span class='ocr_line' id='line_1_4' title="bbox 340 825 624 891; baseline 0 -1"><span class='ocrx_word' id='word_1_22' title='bbox 340 827 378 890; x_wconf 92' lang='grc'><strong><em>11</em></strong></span> <span class='ocrx_word' id='word_1_23' title='bbox 404 829 437 891; x_wconf 89' lang='lat' dir='ltr'>et</span> <span class='ocrx_word' id='word_1_24' title='bbox 459 825 511 891; x_wconf 78' lang='lat'><strong><em>20.</em></strong></span> <span class='ocrx_word' id='word_1_25' title='bbox 622 860 624 865; x_wconf 96' lang='lat'>·</span> 
     </span>
     <span class='ocr_line' id='line_1_5' title="bbox 771 987 1078 1064; baseline -0.003 -13"><span class='ocrx_word' id='word_1_26' title='bbox 771 987 800 1051; x_wconf 85' lang='lat'><strong><em>3.</em></strong></span> <span class='ocrx_word' id='word_1_27' title='bbox 832 996 882 1051; x_wconf 84' lang='lat' dir='ltr'>De</span> <span class='ocrx_word' id='word_1_28' title='bbox 906 994 1078 1064; x_wconf 86' lang='lat' dir='ltr'>appositis.</span> 
     </span>
    </p>
   </div>
   <div class='ocr_carea' id='block_1_3' title="bbox 585 1127 1261 1216">
    <p class='ocr_par' dir='ltr' id='par_1_3' title="bbox 585 1127 1261 1216">
     <span class='ocr_line' id='line_1_6' title="bbox 585 1127 1261 1216; baseline 0 -23"><span class='ocrx_word' id='word_1_29' title='bbox 585 1127 618 1216; x_wconf 86' lang='lat' dir='ltr'><strong><em>a)</em></strong></span> <span class='ocrx_word' id='word_1_30' title='bbox 650 1127 704 1193; x_wconf 90' lang='lat' dir='ltr'>De</span> <span class='ocrx_word' id='word_1_31' title='bbox 727 1128 964 1194; x_wconf 88' lang='lat' dir='ltr'>abundantia</span> <span class='ocrx_word' id='word_1_32' title='bbox 986 1128 1261 1213; x_wconf 89' lang='lat' dir='ltr'>appositorum.</span> 
     </span>
    </p>
   </div>
   <div class='ocr_carea' id='block_1_4' title="bbox 336 1268 1511 1570">
    <p class='ocr_par' dir='ltr' id='par_1_4' title="bbox 336 1268 1511 1570">
     <span class='ocr_line' id='line_1_7' title="bbox 425 1268 1510 1355; baseline -0.001 -20"><span class='ocrx_word' id='word_1_33' title='bbox 425 1270 474 1336; x_wconf 89' lang='lat' dir='ltr'>De</span> <span class='ocrx_word' id='word_1_34' title='bbox 493 1270 650 1355; x_wconf 86' lang='lat' dir='ltr'>appositis</span> <span class='ocrx_word' id='word_1_35' title='bbox 668 1268 860 1337; x_wconf 86' lang='lat' dir='ltr'>Aristoteles</span> <span class='ocrx_word' id='word_1_36' title='bbox 884 1272 945 1335; x_wconf 85' lang='lat' dir='ltr'><strong><em>lo.</em></strong></span> <span class='ocrx_word' id='word_1_37' title='bbox 959 1293 990 1354; x_wconf 89' lang='lat' dir='ltr'><strong><em>p.</em></strong></span> <span class='ocrx_word' id='word_1_38' title='bbox 1009 1269 1119 1335; x_wconf 72' lang='lat' dir='ltr'>mooe</span> <span class='ocrx_word' id='word_1_39' title='bbox 1139 1269 1181 1334; x_wconf 87' lang='lat'><strong><em>10</em></strong></span> <span class='ocrx_word' id='word_1_40' title='bbox 1203 1272 1283 1335; x_wconf 88' lang='lat' dir='ltr'>haee</span> <span class='ocrx_word' id='word_1_41' title='bbox 1303 1272 1403 1336; x_wconf 81' lang='lat' dir='ltr'>verba</span> <span class='ocrx_word' id='word_1_42' title='bbox 1420 1270 1510 1335; x_wconf 86' lang='lat' dir='ltr'>feeit:</span> 
     </span>
     <span class='ocr_line' id='line_1_8' title="bbox 336 1374 1511 1463; baseline -0.001 -21"><span class='ocrx_word' id='word_1_43' title='bbox 336 1381 449 1463; x_wconf 88' lang='grc' dir='ltr'><strong><em>τρίτον</em></strong></span> <span class='ocrx_word' id='word_1_44' title='bbox 474 1375 504 1441; x_wconf 87' lang='grc' dir='ltr'><strong><em>δ’</em></strong></span> <span class='ocrx_word' id='word_1_45' title='bbox 531 1374 569 1441; x_wconf 91' lang='grc' dir='ltr'><strong><em>ἐν</em></strong></span> <span class='ocrx_word' id='word_1_46' title='bbox 591 1388 660 1453; x_wconf 87' lang='grc' dir='ltr'><strong><em>τοῖς</em></strong></span> <span class='ocrx_word' id='word_1_47' title='bbox 684 1376 849 1453; x_wconf 76' lang='grc' dir='ltr'><strong><em>ἐπιθέτοις</em></strong></span> <span class='ocrx_word' id='word_1_48' title='bbox 872 1380 910 1442; x_wconf 82' lang='grc' dir='ltr'><strong><em>τὸ</em></strong></span> <span class='ocrx_word' id='word_1_49' title='bbox 931 1376 952 1460; x_wconf 78' lang='grc' dir='ltr'><em>ἢ</em></span> <span class='ocrx_word' id='word_1_50' title='bbox 971 1388 1107 1461; x_wconf 79' lang='grc' dir='ltr'><em>μακροῖς</em></span> <span class='ocrx_word' id='word_1_51' title='bbox 1125 1375 1146 1459; x_wconf 74' lang='grc' dir='ltr'><em>ἢ</em></span> <span class='ocrx_word' id='word_1_52' title='bbox 1165 1376 1315 1462; x_wconf 80' lang='grc' dir='ltr'><strong><em>ἀκαίροις</em></strong></span> <span class='ocrx_word' id='word_1_53' title='bbox 1333 1377 1353 1460; x_wconf 75' lang='grc' dir='ltr'><strong><em>ἢ</em></strong></span> <span class='ocrx_word' id='word_1_54' title='bbox 1370 1390 1511 1452; x_wconf 78' lang='grc' dir='ltr'><strong><em>πυκνοῖς</em></strong></span> 
     </span>
     <span class='ocr_line' id='line_1_9' title="bbox 336 1478 1511 1570; baseline 0.001 -22"><span class='ocrx_word' id='word_1_55' title='bbox 336 1489 495 1568; x_wconf 78' lang='grc' dir='ltr'><strong><em>χρῆσθαι·</em></strong></span> <span class='ocrx_word' id='word_1_56' title='bbox 523 1481 561 1548; x_wconf 80' lang='grc' dir='ltr'><strong><em>ἐν</em></strong></span> <span class='ocrx_word' id='word_1_57' title='bbox 587 1478 649 1566; x_wconf 76' lang='grc' dir='ltr'><strong><em>μέν</em></strong></span> <span class='ocrx_word' id='word_1_58' title='bbox 676 1483 739 1570; x_wconf 77' lang='grc' dir='ltr'><strong><em>γὰρ</em></strong></span> <span class='ocrx_word' id='word_1_59' title='bbox 761 1484 898 1567; x_wconf 81' lang='grc' dir='ltr'><strong><em>’ποιήσει</em></strong></span> <span class='ocrx_word' id='word_1_60' title='bbox 925 1482 1041 1567; x_wconf 78' lang='grc' dir='ltr'><strong><em>πρέπει</em></strong></span> <span class='ocrx_word' id='word_1_61' title='bbox 1069 1484 1154 1566; x_wconf 79' lang='grc' dir='ltr'><strong><em>μάλα</em></strong></span> <span class='ocrx_word' id='word_1_62' title='bbox 1182 1486 1303 1549; x_wconf 84' lang='grc' dir='ltr'><strong><em>λευκὸν</em></strong></span> <span class='ocrx_word' id='word_1_63' title='bbox 1329 1485 1446 1565; x_wconf 74' lang='grc' dir='ltr'><strong><em>εἰπεῖν,</em></strong></span> <span class='ocrx_word' id='word_1_64' title='bbox 1473 1480 1511 1549; x_wconf 90' lang='grc' dir='ltr'><strong><em>ἐν</em></strong></span> 
     </span>
    </p>
   </div>
   <div class='ocr_carea' id='block_1_5' title="bbox 333 1584 1511 4335">
    <p class='ocr_par' dir='ltr' id='par_1_5' title="bbox 333 1584 1511 3486">
     <span class='ocr_line' id='line_1_10' title="bbox 337 1584 1511 1679; baseline 0 -24"><span class='ocrx_word' id='word_1_65' title='bbox 337 1587 374 1655; x_wconf 77' lang='grc' dir='ltr'><strong><em>δέ</em></strong></span> <span class='ocrx_word' id='word_1_66' title='bbox 398 1594 486 1679; x_wconf 75' lang='grc' dir='ltr'><strong><em>λόγῳ</em></strong></span> <span class='ocrx_word' id='word_1_67' title='bbox 510 1592 549 1655; x_wconf 86' lang='grc' dir='ltr'><strong><em>τὰ</em></strong></span> <span class='ocrx_word' id='word_1_68' title='bbox 571 1586 633 1671; x_wconf 76' lang='grc' dir='ltr'><strong><em>μὲν</em></strong></span> <span class='ocrx_word' id='word_1_69' title='bbox 656 1588 892 1676; x_wconf 78' lang='grc' dir='ltr'><strong><em>ἀπρεπέστερα,</em></strong></span> <span class='ocrx_word' id='word_1_70' title='bbox 914 1592 954 1653; x_wconf 83' lang='grc' dir='ltr'><strong><em>τὰ</em></strong></span> <span class='ocrx_word' id='word_1_71' title='bbox 977 1588 1025 1674; x_wconf 87' lang='grc' dir='ltr'><strong><em>δέ,</em></strong></span> <span class='ocrx_word' id='word_1_72' title='bbox 1048 1589 1091 1655; x_wconf 82' lang='grc' dir='ltr'><strong><em>διν</em></strong></span> <span class='ocrx_word' id='word_1_73' title='bbox 1112 1584 1134 1676; x_wconf 80' lang='grc' dir='ltr'><strong><em>ᾖ</em></strong></span> <span class='ocrx_word' id='word_1_74' title='bbox 1158 1600 1333 1677; x_wconf 80' lang='grc' dir='ltr'><strong><em>κατακορῆ,</em></strong></span> <span class='ocrx_word' id='word_1_75' title='bbox 1355 1588 1511 1675; x_wconf 79' lang='grc' dir='ltr'><strong><em>ἐξελέγχει</em></strong></span> 
     </span>
     <span class='ocr_line' id='line_1_11' title="bbox 335 1694 1510 1782; baseline -0.002 -21"><span class='ocrx_word' id='word_1_76' title='bbox 335 1694 389 1761; x_wconf 86' lang='grc' dir='ltr'><strong><em>καὶ</em></strong></span> <span class='ocrx_word' id='word_1_77' title='bbox 408 1707 500 1760; x_wconf 86' lang='grc' dir='ltr'><strong><em>ποιεῖ</em></strong></span> <span class='ocrx_word' id='word_1_78' title='bbox 515 1697 663 1782; x_wconf 85' lang='grc' dir='ltr'><strong><em>φανερὸν</em></strong></span> <span class='ocrx_word' id='word_1_79' title='bbox 684 1696 735 1761; x_wconf 81' lang='grc' dir='ltr'><strong><em>ὅτι</em></strong></span> <span class='ocrx_word' id='word_1_80' title='bbox 755 1700 888 1780; x_wconf 79' lang='grc' dir='ltr'><strong><em>ποίησίς</em></strong></span> <span class='ocrx_word' id='word_1_81' title='bbox 906 1695 1006 1780; x_wconf 88' lang='grc' dir='ltr'><strong><em>ἐστιν,</em></strong></span> <span class='ocrx_word' id='word_1_82' title='bbox 1030 1694 1100 1762; x_wconf 82' lang='grc' dir='ltr'><strong><em>ἐπεὶ</em></strong></span> <span class='ocrx_word' id='word_1_83' title='bbox 1119 1698 1173 1762; x_wconf 90' lang='grc' dir='ltr'><strong><em>δεῖ</em></strong></span> <span class='ocrx_word' id='word_1_84' title='bbox 1188 1720 1226 1779; x_wconf 82' lang='grc' dir='ltr'><strong><em>με</em></strong></span> <span class='ocrx_word' id='word_1_85' title='bbox 1244 1702 1389 1782; x_wconf 79' lang='grc' dir='ltr'><strong><em>χρῆσθαι</em></strong></span> <span class='ocrx_word' id='word_1_86' title='bbox 1407 1697 1510 1781; x_wconf 80' lang='grc' dir='ltr'><strong><em>αὐτῷ·</em></strong></span> 
     </span>
     <span class='ocr_line' id='line_1_12' title="bbox 337 1800 1511 1887; baseline 0 -20"><span class='ocrx_word' id='word_1_87' title='bbox 337 1800 521 1879; x_wconf 77' lang='grc' dir='ltr'><strong><em>ἐξαλλάττει</em></strong></span> <span class='ocrx_word' id='word_1_88' title='bbox 550 1803 612 1887; x_wconf 80' lang='grc' dir='ltr'><strong><em>γὰρ</em></strong></span> <span class='ocrx_word' id='word_1_89' title='bbox 640 1803 678 1867; x_wconf 86' lang='grc' dir='ltr'><strong><em>τὸ</em></strong></span> <span class='ocrx_word' id='word_1_90' title='bbox 707 1805 826 1879; x_wconf 84' lang='grc' dir='ltr'><strong><em>εἰωθὸς</em></strong></span> <span class='ocrx_word' id='word_1_91' title='bbox 852 1803 908 1867; x_wconf 79' lang='grc' dir='ltr'><strong><em>καί</em></strong></span> <span class='ocrx_word' id='word_1_92' title='bbox 936 1800 1068 1886; x_wconf 80' lang='grc' dir='ltr'><strong><em>ξενικὴν</em></strong></span> <span class='ocrx_word' id='word_1_93' title='bbox 1089 1805 1262 1886; x_wconf 79' lang='grc' dir='ltr'><strong><em>ποιεῖτὴν</em></strong></span> <span class='ocrx_word' id='word_1_94' title='bbox 1284 1802 1382 1880; x_wconf 90' lang='grc' dir='ltr'><strong><em>λέξιν.</em></strong></span> <span class='ocrx_word' id='word_1_95' title='bbox 1428 1802 1511 1867; x_wconf 77' lang='grc' dir='ltr'><strong><em>ἀλλὰ</em></strong></span> 
     </span>
     <span class='ocr_line' id='line_1_13' title="bbox 337 1908 1508 1996; baseline 0 -23"><span class='ocrx_word' id='word_1_96' title='bbox 337 1910 390 1973; x_wconf 86' lang='grc' dir='ltr'><strong><em>δεῖ</em></strong></span> <span class='ocrx_word' id='word_1_97' title='bbox 411 1908 628 1992; x_wconf 76' lang='grc' dir='ltr'><strong><em>στοχάζεσθαι</em></strong></span> <span class='ocrx_word' id='word_1_98' title='bbox 651 1917 711 1973; x_wconf 84' lang='grc' dir='ltr'><strong><em>τοῦ</em></strong></span> <span class='ocrx_word' id='word_1_99' title='bbox 735 1913 882 1996; x_wconf 80' lang='grc' dir='ltr'><strong><em>μετρίου,</em></strong></span> <span class='ocrx_word' id='word_1_100' title='bbox 905 1908 974 1974; x_wconf 79' lang='grc' dir='ltr'><strong><em>ἐπεὶ</em></strong></span> <span class='ocrx_word' id='word_1_101' title='bbox 997 1912 1109 1993; x_wconf 82' lang='grc' dir='ltr'><strong><em>μεῖζον</em></strong></span> <span class='ocrx_word' id='word_1_102' title='bbox 1126 1921 1218 1975; x_wconf 85' lang='grc' dir='ltr'><strong><em>ποιεῖ</em></strong></span> <span class='ocrx_word' id='word_1_103' title='bbox 1237 1911 1340 1974; x_wconf 90' lang='grc' dir='ltr'><strong><em>κακὸν</em></strong></span> <span class='ocrx_word' id='word_1_104' title='bbox 1358 1918 1419 1975; x_wconf 87' lang='grc' dir='ltr'><strong><em>τοῦ</em></strong></span> <span class='ocrx_word' id='word_1_105' title='bbox 1438 1912 1508 1993; x_wconf 76' lang='grc' dir='ltr'><strong><em>εἰκῇ</em></strong></span> 
     </span>
     <span class='ocr_line' id='line_1_14' title="bbox 336 2010 1510 2101; baseline 0 -21"><span class='ocrx_word' id='word_1_106' title='bbox 336 2014 458 2097; x_wconf 82' lang='grc' dir='ltr'><strong><em>λέγειν·</em></strong></span> <span class='ocrx_word' id='word_1_107' title='bbox 499 2014 519 2098; x_wconf 78' lang='grc' dir='ltr'><strong><em>ἡ</em></strong></span> <span class='ocrx_word' id='word_1_108' title='bbox 548 2012 609 2098; x_wconf 76' lang='grc' dir='ltr'><strong><em>μὲν</em></strong></span> <span class='ocrx_word' id='word_1_109' title='bbox 637 2016 700 2101; x_wconf 81' lang='grc' dir='ltr'><strong><em>γὰρ</em></strong></span> <span class='ocrx_word' id='word_1_110' title='bbox 729 2015 791 2081; x_wconf 88' lang='grc' dir='ltr'><strong><em>οὐκ</em></strong></span> <span class='ocrx_word' id='word_1_111' title='bbox 818 2018 885 2100; x_wconf 87' lang='grc' dir='ltr'><strong><em>έχει</em></strong></span> <span class='ocrx_word' id='word_1_112' title='bbox 912 2016 949 2081; x_wconf 90' lang='grc' dir='ltr'><strong><em>τὸ</em></strong></span> <span class='ocrx_word' id='word_1_113' title='bbox 978 2010 1031 2100; x_wconf 82' lang='grc' dir='ltr'><strong><em>εὖ,</em></strong></span> <span class='ocrx_word' id='word_1_114' title='bbox 1059 2015 1079 2099; x_wconf 73' lang='grc' dir='ltr'>ἡ</span> <span class='ocrx_word' id='word_1_115' title='bbox 1107 2012 1145 2081; x_wconf 78' lang='grc' dir='ltr'><strong><em>δέ</em></strong></span> <span class='ocrx_word' id='word_1_116' title='bbox 1171 2019 1209 2081; x_wconf 88' lang='grc' dir='ltr'><strong><em>τὸ</em></strong></span> <span class='ocrx_word' id='word_1_117' title='bbox 1234 2027 1348 2092; x_wconf 82' lang='grc' dir='ltr'><strong><em>κακῶς.</em></strong></span> <span class='ocrx_word' id='word_1_118' title='bbox 1394 2018 1447 2081; x_wconf 92' lang='grc' dir='ltr'><strong><em>διὸ</em></strong></span> <span class='ocrx_word' id='word_1_119' title='bbox 1470 2018 1510 2080; x_wconf 78' lang='lat' dir='ltr'>rol</span> 
     </span>
     <span class='ocr_line' id='line_1_15' title="bbox 333 2119 1506 2209; baseline 0.002 -24"><span class='ocrx_word' id='word_1_120' title='bbox 333 2119 587 2204; x_wconf 76' lang='grc' dir='ltr'><strong><em>Ἀλκιδάμαντος</em></strong></span> <span class='ocrx_word' id='word_1_121' title='bbox 614 2122 724 2206; x_wconf 78' lang='grc' dir='ltr'><strong><em>ψυχρὰ</em></strong></span> <span class='ocrx_word' id='word_1_122' title='bbox 753 2126 921 2206; x_wconf 82' lang='grc' dir='ltr'><strong><em>φαίνεται·</em></strong></span> <span class='ocrx_word' id='word_1_123' title='bbox 954 2122 995 2188; x_wconf 88' lang='grc' dir='ltr'><strong><em>οὐ</em></strong></span> <span class='ocrx_word' id='word_1_124' title='bbox 1023 2124 1086 2209; x_wconf 78' lang='grc' dir='ltr'><strong><em>γὰρ</em></strong></span> <span class='ocrx_word' id='word_1_125' title='bbox 1110 2121 1273 2206; x_wconf 74' lang='grc' dir='ltr'><strong><em>ἡδύσμαιι</em></strong></span> <span class='ocrx_word' id='word_1_126' title='bbox 1296 2132 1412 2206; x_wconf 81' lang='grc' dir='ltr'><strong><em>χρῆται</em></strong></span> <span class='ocrx_word' id='word_1_127' title='bbox 1435 2120 1506 2187; x_wconf 80' lang='grc' dir='ltr'><strong><em>ἀλλ’</em></strong></span> 
     </span>
     <span class='ocr_line' id='line_1_16' title="bbox 337 2227 1509 2312; baseline -0.002 -19"><span class='ocrx_word' id='word_1_128' title='bbox 337 2228 382 2303; x_wconf 86' lang='grc' dir='ltr'><strong><em>ὡς</em></strong></span> <span class='ocrx_word' id='word_1_129' title='bbox 404 2228 558 2311; x_wconf 79' lang='grc' dir='ltr'><strong><em>ἐδέσματι</em></strong></span> <span class='ocrx_word' id='word_1_130' title='bbox 581 2240 651 2305; x_wconf 90' lang='grc' dir='ltr'><strong><em>τοῖς</em></strong></span> <span class='ocrx_word' id='word_1_131' title='bbox 674 2227 854 2311; x_wconf 81' lang='grc' dir='ltr'><strong><em>ἐπιθέτοις,</em></strong></span> <span class='ocrx_word' id='word_1_132' title='bbox 882 2229 969 2293; x_wconf 77' lang='grc' dir='ltr'><strong><em>οὕτω</em></strong></span> <span class='ocrx_word' id='word_1_133' title='bbox 992 2241 1131 2305; x_wconf 80' lang='grc' dir='ltr'><strong><em>πυκνοῖς</em></strong></span> <span class='ocrx_word' id='word_1_134' title='bbox 1153 2227 1207 2293; x_wconf 82' lang='grc' dir='ltr'><strong><em>καλ</em></strong></span> <span class='ocrx_word' id='word_1_135' title='bbox 1232 2232 1355 2312; x_wconf 76' lang='grc' dir='ltr'><strong><em>μείζοσι</em></strong></span> <span class='ocrx_word' id='word_1_136' title='bbox 1377 2228 1432 2293; x_wconf 82' lang='grc' dir='ltr'><strong><em>καλ</em></strong></span> <span class='ocrx_word' id='word_1_137' title='bbox 1457 2227 1509 2293; x_wconf 79' lang='grc' dir='ltr'><strong><em>ἐπὶ</em></strong></span> 
     </span>
     <span class='ocr_line' id='line_1_17' title="bbox 337 2328 1510 2420; baseline 0 -22"><span class='ocrx_word' id='word_1_138' title='bbox 337 2335 460 2419; x_wconf 79' lang='grc' dir='ltr'><strong><em>δήλοις,</em></strong></span> <span class='ocrx_word' id='word_1_139' title='bbox 484 2328 558 2400; x_wconf 78' lang='grc' dir='ltr'><strong><em>οἷον</em></strong></span> <span class='ocrx_word' id='word_1_140' title='bbox 581 2359 608 2399; x_wconf 91' lang='grc' dir='ltr'><strong><em>κ.</em></strong></span> <span class='ocrx_word' id='word_1_141' title='bbox 626 2357 653 2399; x_wconf 87' lang='grc' dir='ltr'><strong><em>τ.</em></strong></span> <span class='ocrx_word' id='word_1_142' title='bbox 672 2332 697 2398; x_wconf 84' lang='grc' dir='ltr'><strong><em>ἑ.</em></strong></span> <span class='ocrx_word' id='word_1_143' title='bbox 744 2333 808 2398; x_wconf 79' lang='lat' dir='ltr'>Gur</span> <span class='ocrx_word' id='word_1_144' title='bbox 829 2332 1022 2400; x_wconf 85' lang='lat' dir='ltr'>Aristoteles</span> <span class='ocrx_word' id='word_1_145' title='bbox 1045 2335 1080 2398; x_wconf 91' lang='lat' dir='ltr'><strong><em>in</em></strong></span> <span class='ocrx_word' id='word_1_146' title='bbox 1097 2332 1330 2400; x_wconf 84' lang='lat' dir='ltr'>Alcidamantis</span> <span class='ocrx_word' id='word_1_147' title='bbox 1354 2336 1510 2420; x_wconf 82' lang='lat' dir='ltr'>appositis</span> 
     </span>
     <span class='ocr_line' id='line_1_18' title="bbox 337 2440 1511 2526; baseline 0 -21"><span class='ocrx_word' id='word_1_148' title='bbox 337 2441 518 2525; x_wconf 87' lang='lat' dir='ltr'>offenderit,</span> <span class='ocrx_word' id='word_1_149' title='bbox 552 2443 628 2506; x_wconf 84' lang='lat' dir='ltr'>satis</span> <span class='ocrx_word' id='word_1_150' title='bbox 661 2445 710 2506; x_wconf 90' lang='lat' dir='ltr'>est</span> <span class='ocrx_word' id='word_1_151' title='bbox 741 2441 956 2526; x_wconf 78' lang='lat' dir='ltr'>perspicuum.</span> <span class='ocrx_word' id='word_1_152' title='bbox 1003 2440 1091 2518; x_wconf 82' lang='lat' dir='ltr'>Quae</span> <span class='ocrx_word' id='word_1_153' title='bbox 1122 2442 1240 2525; x_wconf 83' lang='lat' dir='ltr'>partim</span> <span class='ocrx_word' id='word_1_154' title='bbox 1271 2442 1368 2506; x_wconf 92' lang='lat' dir='ltr'>nimis</span> <span class='ocrx_word' id='word_1_155' title='bbox 1401 2442 1511 2507; x_wconf 82' lang='lat' dir='ltr'>crebre</span> 
     </span>
     <span class='ocr_line' id='line_1_19' title="bbox 337 2544 1510 2635; baseline 0 -23"><span class='ocrx_word' id='word_1_156' title='bbox 337 2569 414 2633; x_wconf 88' lang='lat' dir='ltr'>esse,</span> <span class='ocrx_word' id='word_1_157' title='bbox 433 2549 551 2631; x_wconf 87' lang='lat' dir='ltr'>partim</span> <span class='ocrx_word' id='word_1_158' title='bbox 569 2548 667 2614; x_wconf 89' lang='lat' dir='ltr'>nimis</span> <span class='ocrx_word' id='word_1_159' title='bbox 687 2549 803 2634; x_wconf 76' lang='lat' dir='ltr'>ampla,</span> <span class='ocrx_word' id='word_1_160' title='bbox 821 2549 939 2633; x_wconf 88' lang='lat' dir='ltr'>partim</span> <span class='ocrx_word' id='word_1_161' title='bbox 958 2551 1078 2634; x_wconf 78' lang='grc' dir='ltr'><strong><em>ἄκαιρα</em></strong></span> <span class='ocrx_word' id='word_1_162' title='bbox 1097 2544 1197 2635; x_wconf 91' lang='lat' dir='ltr'>(quod</span> <span class='ocrx_word' id='word_1_163' title='bbox 1215 2547 1408 2613; x_wconf 80' lang='lat' dir='ltr'>vocabulum</span> <span class='ocrx_word' id='word_1_164' title='bbox 1425 2548 1510 2612; x_wconf 88' lang='lat' dir='ltr'>idem</span> 
     </span>
     <span class='ocr_line' id='line_1_20' title="bbox 336 2652 1511 2743; baseline 0.003 -26"><span class='ocrx_word' id='word_1_165' title='bbox 336 2656 559 2739; x_wconf 86' lang='lat' dir='ltr'>appositorum</span> <span class='ocrx_word' id='word_1_166' title='bbox 588 2678 688 2742; x_wconf 82' lang='lat' dir='ltr'>genus</span> <span class='ocrx_word' id='word_1_167' title='bbox 716 2656 899 2742; x_wconf 73' lang='lat' dir='ltr'>significare</span> <span class='ocrx_word' id='word_1_168' title='bbox 925 2655 1052 2720; x_wconf 83' lang='lat' dir='ltr'>videtur</span> <span class='ocrx_word' id='word_1_169' title='bbox 1080 2658 1175 2738; x_wconf 89' lang='lat' dir='ltr'>atque</span> <span class='ocrx_word' id='word_1_170' title='bbox 1203 2652 1257 2720; x_wconf 79' lang='grc' dir='ltr'><strong><em>ἐπὶ</em></strong></span> <span class='ocrx_word' id='word_1_171' title='bbox 1286 2653 1422 2743; x_wconf 77' lang='grc' dir='ltr'><strong><em>δήλοις).</em></strong></span> <span class='ocrx_word' id='word_1_172' title='bbox 1466 2654 1511 2720; x_wconf 80' lang='lat' dir='ltr'><strong><em>Et</em></strong></span> 
     </span>
     <span class='ocr_line' id='line_1_21' title="bbox 339 2761 1510 2846; baseline 0.002 -21"><span class='ocrx_word' id='word_1_173' title='bbox 339 2762 485 2846; x_wconf 83' lang='lat' dir='ltr'>exempla</span> <span class='ocrx_word' id='word_1_174' title='bbox 513 2763 552 2826; x_wconf 88' lang='lat' dir='ltr'><strong><em>ab</em></strong></span> <span class='ocrx_word' id='word_1_175' title='bbox 580 2762 756 2828; x_wconf 79' lang='lat' dir='ltr'>Aristotele</span> <span class='ocrx_word' id='word_1_176' title='bbox 788 2765 915 2846; x_wconf 85' lang='lat' dir='ltr'>proleta</span> <span class='ocrx_word' id='word_1_177' title='bbox 941 2761 1198 2827; x_wconf 78' lang='lat' dir='ltr'>Alcidamantem</span> <span class='ocrx_word' id='word_1_178' title='bbox 1227 2761 1262 2825; x_wconf 93' lang='lat' dir='ltr'><strong><em>in</em></strong></span> <span class='ocrx_word' id='word_1_179' title='bbox 1287 2783 1353 2827; x_wconf 91' lang='lat' dir='ltr'><strong><em>uno</em></strong></span> <span class='ocrx_word' id='word_1_180' title='bbox 1380 2763 1510 2827; x_wconf 90' lang='lat' dir='ltr'>nomine</span> 
     </span>
     <span class='ocr_line' id='line_1_22' title="bbox 338 2869 1511 2952; baseline 0.002 -21"><span class='ocrx_word' id='word_1_181' title='bbox 338 2869 487 2952; x_wconf 88' lang='lat' dir='ltr'>apposita</span> <span class='ocrx_word' id='word_1_182' title='bbox 510 2871 602 2952; x_wconf 87' lang='lat' dir='ltr'>quesi</span> <span class='ocrx_word' id='word_1_183' title='bbox 626 2891 828 2936; x_wconf 79' lang='lat' dir='ltr'>coacervasse</span> <span class='ocrx_word' id='word_1_184' title='bbox 852 2871 931 2934; x_wconf 89' lang='lat' dir='ltr'>satis</span> <span class='ocrx_word' id='word_1_185' title='bbox 954 2890 1113 2952; x_wconf 88' lang='lat' dir='ltr'>superque</span> <span class='ocrx_word' id='word_1_186' title='bbox 1135 2869 1364 2933; x_wconf 87' lang='lat' dir='ltr'>demonstrant.</span> <span class='ocrx_word' id='word_1_187' title='bbox 1406 2870 1444 2933; x_wconf 85' lang='lat' dir='ltr'><strong><em>of.</em></strong></span> <span class='ocrx_word' id='word_1_188' title='bbox 1464 2873 1511 2946; x_wconf 84' lang='grc' dir='ltr'><strong><em>είς</em></strong></span> 
     </span>
     <span class='ocr_line' id='line_1_23' title="bbox 336 2972 1510 3061; baseline 0.002 -23"><span class='ocrx_word' id='word_1_189' title='bbox 336 2977 397 3058; x_wconf 82' lang='grc' dir='ltr'><strong><em>τὴν</em></strong></span> <span class='ocrx_word' id='word_1_190' title='bbox 416 2972 658 3060; x_wconf 85' lang='grc' dir='ltr'><strong><em>τῶνἸσθμίων</em></strong></span> <span class='ocrx_word' id='word_1_191' title='bbox 676 2979 874 3061; x_wconf 76' lang='grc' dir='ltr'><strong><em>πανήγυριν,</em></strong></span> <span class='ocrx_word' id='word_1_192' title='bbox 893 2979 971 3054; x_wconf 85' lang='grc' dir='ltr'><strong><em>τοὺς</em></strong></span> <span class='ocrx_word' id='word_1_193' title='bbox 989 2987 1057 3041; x_wconf 83' lang='grc' dir='ltr'><strong><em>τῶν</em></strong></span> <span class='ocrx_word' id='word_1_194' title='bbox 1070 2978 1201 3041; x_wconf 87' lang='grc' dir='ltr'><strong><em>πόλεων</em></strong></span> <span class='ocrx_word' id='word_1_195' title='bbox 1214 2980 1359 3059; x_wconf 76' lang='grc' dir='ltr'><strong><em>βασιλεῖς</em></strong></span> <span class='ocrx_word' id='word_1_196' title='bbox 1376 2981 1510 3060; x_wconf 90' lang='grc' dir='ltr'><strong><em>νόμους,</em></strong></span> 
     </span>
     <span class='ocr_line' id='line_1_24' title="bbox 336 3065 1511 3168; baseline 0.003 -24"><span class='ocrx_word' id='word_1_197' title='bbox 336 3081 480 3168; x_wconf 80' lang='grc' dir='ltr'><strong><em>δρομαία</em></strong></span> <span class='ocrx_word' id='word_1_198' title='bbox 512 3092 551 3167; x_wconf 74' lang='grc' dir='ltr'><strong><em>τῇ</em></strong></span> <span class='ocrx_word' id='word_1_199' title='bbox 584 3093 641 3166; x_wconf 81' lang='grc' dir='ltr'><strong><em>τῆς</em></strong></span> <span class='ocrx_word' id='word_1_200' title='bbox 662 3065 778 3167; x_wconf 43' lang='grc' dir='ltr'><strong><em>’ψυχῆς</em></strong></span> <span class='ocrx_word' id='word_1_201' title='bbox 811 3084 909 3168; x_wconf 75' lang='grc' dir='ltr'><strong><em>ὁρμῇ,</em></strong></span> <span class='ocrx_word' id='word_1_202' title='bbox 942 3086 1146 3165; x_wconf 85' lang='grc' dir='ltr'><strong><em>σκυθρωπὸν</em></strong></span> <span class='ocrx_word' id='word_1_203' title='bbox 1172 3087 1234 3165; x_wconf 75' lang='grc' dir='ltr'><strong><em>τὴν</em></strong></span> <span class='ocrx_word' id='word_1_204' title='bbox 1261 3084 1426 3167; x_wconf 86' lang='grc' dir='ltr'><strong><em>φροντίδα</em></strong></span> <span class='ocrx_word' id='word_1_205' title='bbox 1453 3091 1511 3164; x_wconf 78' lang='grc' dir='ltr'><strong><em>τῆς</em></strong></span> 
     </span>
     <span class='ocr_line' id='line_1_25' title="bbox 335 3187 1510 3275; baseline 0 -23"><span class='ocrx_word' id='word_1_206' title='bbox 335 3198 453 3272; x_wconf 78' lang='grc' dir='ltr'><strong><em>ψυχῆς,</em></strong></span> <span class='ocrx_word' id='word_1_207' title='bbox 476 3191 650 3274; x_wconf 78' lang='grc' dir='ltr'><strong><em>πανδήμου</em></strong></span> <span class='ocrx_word' id='word_1_208' title='bbox 669 3191 801 3274; x_wconf 84' lang='grc' dir='ltr'><strong><em>χοίριτος</em></strong></span> <span class='ocrx_word' id='word_1_209' title='bbox 820 3190 1032 3275; x_wconf 82' lang='grc' dir='ltr'><strong><em>δημιουργός,</em></strong></span> <span class='ocrx_word' id='word_1_210' title='bbox 1055 3191 1230 3272; x_wconf 77' lang='grc' dir='ltr'><strong><em>οἰκονόμος</em></strong></span> <span class='ocrx_word' id='word_1_211' title='bbox 1249 3199 1307 3272; x_wconf 79' lang='grc' dir='ltr'><strong><em>τῆς</em></strong></span> <span class='ocrx_word' id='word_1_212' title='bbox 1325 3200 1392 3252; x_wconf 84' lang='grc' dir='ltr'><strong><em>τῶν</em></strong></span> <span class='ocrx_word' id='word_1_213' title='bbox 1411 3187 1510 3252; x_wconf 81' lang='grc' dir='ltr'><strong><em>ἀκου-</em></strong></span> 
     </span>
     <span class='ocr_line' id='line_1_26' title="bbox 336 3293 1510 3380; baseline -0.001 -20"><span class='ocrx_word' id='word_1_214' title='bbox 336 3297 444 3360; x_wconf 84' lang='grc' dir='ltr'><strong><em>όντων</em></strong></span> <span class='ocrx_word' id='word_1_215' title='bbox 471 3296 611 3380; x_wconf 59' lang='lat' dir='ltr'>provee,</span> <span class='ocrx_word' id='word_1_216' title='bbox 639 3294 813 3379; x_wconf 80' lang='grc' dir='ltr'><strong><em>ἀντίμιμον</em></strong></span> <span class='ocrx_word' id='word_1_217' title='bbox 841 3297 903 3377; x_wconf 79' lang='grc' dir='ltr'><strong><em>τὴν</em></strong></span> <span class='ocrx_word' id='word_1_218' title='bbox 930 3305 988 3378; x_wconf 78' lang='grc' dir='ltr'><strong><em>τῆς</em></strong></span> <span class='ocrx_word' id='word_1_219' title='bbox 1016 3304 1123 3378; x_wconf 78' lang='grc' dir='ltr'><strong><em>ψυχῆς</em></strong></span> <span class='ocrx_word' id='word_1_220' title='bbox 1151 3293 1348 3376; x_wconf 79' lang='grc' dir='ltr'><strong><em>ἐπιθυμίαν,</em></strong></span> <span class='ocrx_word' id='word_1_221' title='bbox 1376 3294 1510 3378; x_wconf 78' lang='grc' dir='ltr'><strong><em>ἔξεδρον</em></strong></span> 
     </span>
     <span class='ocr_line' id='line_1_27' title="bbox 336 3401 906 3486; baseline 0 -22"><span class='ocrx_word' id='word_1_222' title='bbox 336 3403 398 3484; x_wconf 83' lang='grc' dir='ltr'><strong><em>τὴν</em></strong></span> <span class='ocrx_word' id='word_1_223' title='bbox 420 3411 478 3485; x_wconf 79' lang='grc' dir='ltr'><strong><em>τῆς</em></strong></span> <span class='ocrx_word' id='word_1_224' title='bbox 501 3406 685 3486; x_wconf 75' lang='grc' dir='ltr'><strong><em>μοχθηρίας</em></strong></span> <span class='ocrx_word' id='word_1_225' title='bbox 708 3401 906 3486; x_wconf 81' lang='grc' dir='ltr'><strong><em>ὑπερβολήν.</em></strong></span> 
     </span>
    </p>

    <p class='ocr_par' dir='ltr' id='par_1_6' title="bbox 336 3506 1511 4335">
     <span class='ocr_line' id='line_1_28' title="bbox 424 3506 1510 3593; baseline -0.002 -21"><span class='ocrx_word' id='word_1_226' title='bbox 424 3507 538 3591; x_wconf 87' lang='lat' dir='ltr'>Neque</span> <span class='ocrx_word' id='word_1_227' title='bbox 561 3507 722 3591; x_wconf 78' lang='lat' dir='ltr'>quodnam</span> <span class='ocrx_word' id='word_1_228' title='bbox 741 3508 784 3570; x_wconf 91' lang='lat' dir='ltr'><strong><em>sit</em></strong></span> <span class='ocrx_word' id='word_1_229' title='bbox 802 3506 884 3570; x_wconf 89' lang='lat' dir='ltr'>illud</span> <span class='ocrx_word' id='word_1_230' title='bbox 902 3508 1041 3593; x_wconf 75' lang='grc' dir='ltr'><strong><em>ἄκαιρον</em></strong></span> <span class='ocrx_word' id='word_1_231' title='bbox 1058 3507 1280 3591; x_wconf 86' lang='lat' dir='ltr'>appositorum</span> <span class='ocrx_word' id='word_1_232' title='bbox 1300 3528 1401 3592; x_wconf 85' lang='lat' dir='ltr'>genus</span> <span class='ocrx_word' id='word_1_233' title='bbox 1420 3507 1510 3570; x_wconf 90' lang='lat' dir='ltr'>dubi·</span> 
     </span>
     <span class='ocr_line' id='line_1_29' title="bbox 336 3613 1511 3698; baseline -0.003 -20"><span class='ocrx_word' id='word_1_234' title='bbox 336 3618 442 3678; x_wconf 85' lang='lat' dir='ltr'>tamus</span> <span class='ocrx_word' id='word_1_235' title='bbox 475 3636 512 3678; x_wconf 85' lang='lat' dir='ltr'><strong><em>ee</em></strong></span> <span class='ocrx_word' id='word_1_236' title='bbox 543 3613 773 3698; x_wconf 77' lang='lat' dir='ltr'>perlustrantes</span> <span class='ocrx_word' id='word_1_237' title='bbox 807 3613 968 3696; x_wconf 83' lang='lat' dir='ltr'>exempla,</span> <span class='ocrx_word' id='word_1_238' title='bbox 1000 3635 1138 3696; x_wconf 87' lang='lat' dir='ltr'>quorum</span> <span class='ocrx_word' id='word_1_239' title='bbox 1169 3614 1313 3696; x_wconf 85' lang='lat' dir='ltr'>epitheta</span> <span class='ocrx_word' id='word_1_240' title='bbox 1341 3635 1407 3677; x_wconf 93' lang='lat' dir='ltr'><strong><em>non</em></strong></span> <span class='ocrx_word' id='word_1_241' title='bbox 1434 3615 1511 3676; x_wconf 90' lang='lat' dir='ltr'>sunt</span> 
     </span>
     <span class='ocr_line' id='line_1_30' title="bbox 336 3716 1510 3803; baseline -0.001 -19"><span class='ocrx_word' id='word_1_242' title='bbox 336 3725 403 3784; x_wconf 89' lang='lat' dir='ltr'>tarn</span> <span class='ocrx_word' id='word_1_243' title='bbox 433 3719 548 3802; x_wconf 86' lang='lat' dir='ltr'>ampla.</span> <span class='ocrx_word' id='word_1_244' title='bbox 595 3716 677 3783; x_wconf 81' lang='lat' dir='ltr'>Sunt</span> <span class='ocrx_word' id='word_1_245' title='bbox 705 3727 812 3782; x_wconf 88' lang='lat' dir='ltr'>autem</span> <span class='ocrx_word' id='word_1_246' title='bbox 840 3717 933 3782; x_wconf 83' lang='lat' dir='ltr'>haee:</span> <span class='ocrx_word' id='word_1_247' title='bbox 966 3719 1026 3802; x_wconf 85' lang='grc' dir='ltr'><strong><em>οὐχ</em></strong></span> <span class='ocrx_word' id='word_1_248' title='bbox 1055 3720 1178 3803; x_wconf 83' lang='grc' dir='ltr'><strong><em>ίδρῶτα</em></strong></span> <span class='ocrx_word' id='word_1_249' title='bbox 1206 3717 1288 3784; x_wconf 80' lang='grc' dir='ltr'><strong><em>ἀλλὰ</em></strong></span> <span class='ocrx_word' id='word_1_250' title='bbox 1315 3722 1375 3784; x_wconf 92' lang='grc' dir='ltr'><strong><em>τὸν</em></strong></span> <span class='ocrx_word' id='word_1_251' title='bbox 1403 3719 1510 3803; x_wconf 81' lang='grc' dir='ltr'><strong><em>ὑγρὸν</em></strong></span> 
     </span>
     <span class='ocr_line' id='line_1_31' title="bbox 338 3823 1510 3910; baseline -0.003 -19"><span class='ocrx_word' id='word_1_252' title='bbox 338 3827 474 3910; x_wconf 74' lang='grc' dir='ltr'><strong><em>ἱδρῶτα,</em></strong></span> <span class='ocrx_word' id='word_1_253' title='bbox 507 3825 548 3888; x_wconf 89' lang='grc' dir='ltr'><strong><em>οὐ</em></strong></span> <span class='ocrx_word' id='word_1_254' title='bbox 580 3824 714 3899; x_wconf 82' lang='grc' dir='ltr'><strong><em>κλολδοις</em></strong></span> <span class='ocrx_word' id='word_1_255' title='bbox 742 3823 824 3887; x_wconf 80' lang='grc' dir='ltr'><strong><em>ἀλλὰ</em></strong></span> <span class='ocrx_word' id='word_1_256' title='bbox 854 3835 924 3900; x_wconf 87' lang='grc' dir='ltr'><strong><em>τοῖς</em></strong></span> <span class='ocrx_word' id='word_1_257' title='bbox 950 3835 1008 3908; x_wconf 80' lang='grc' dir='ltr'><strong><em>τῆς</em></strong></span> <span class='ocrx_word' id='word_1_258' title='bbox 1034 3825 1115 3906; x_wconf 83' lang='grc' dir='ltr'><strong><em>ὕλης</em></strong></span> <span class='ocrx_word' id='word_1_259' title='bbox 1142 3825 1277 3900; x_wconf 81' lang='grc' dir='ltr'><strong><em>κλάδοις</em></strong></span> <span class='ocrx_word' id='word_1_260' title='bbox 1308 3823 1510 3910; x_wconf 79' lang='grc' dir='ltr'><strong><em>ἀπέκρυψεν,</em></strong></span> 
     </span>
     <span class='ocr_line' id='line_1_32' title="bbox 337 3929 1509 4014; baseline -0.003 -19"><span class='ocrx_word' id='word_1_261' title='bbox 337 3933 377 3996; x_wconf 86' lang='grc' dir='ltr'><strong><em>οὐ</em></strong></span> <span class='ocrx_word' id='word_1_262' title='bbox 409 3933 447 3994; x_wconf 86' lang='grc' dir='ltr'><strong><em>τὸ</em></strong></span> <span class='ocrx_word' id='word_1_263' title='bbox 480 3941 573 4012; x_wconf 85' lang='grc' dir='ltr'><strong><em>σῶμα</em></strong></span> <span class='ocrx_word' id='word_1_264' title='bbox 605 3931 834 4014; x_wconf 80' lang='grc' dir='ltr'><strong><em>παρήμπισχεν</em></strong></span> <span class='ocrx_word' id='word_1_265' title='bbox 866 3929 946 3994; x_wconf 84' lang='grc' dir='ltr'><strong><em>ἀλλὰ</em></strong></span> <span class='ocrx_word' id='word_1_266' title='bbox 978 3932 1040 4013; x_wconf 84' lang='grc' dir='ltr'><strong><em>τὴν</em></strong></span> <span class='ocrx_word' id='word_1_267' title='bbox 1071 3939 1131 3996; x_wconf 88' lang='grc' dir='ltr'><strong><em>τοῦ</em></strong></span> <span class='ocrx_word' id='word_1_268' title='bbox 1160 3931 1309 4013; x_wconf 84' lang='grc' dir='ltr'><strong><em>σώματος</em></strong></span> <span class='ocrx_word' id='word_1_269' title='bbox 1339 3931 1509 4012; x_wconf 81' lang='grc' dir='ltr'><strong><em>αἰσχύνην.</em></strong></span> 
     </span>
     <span class='ocr_line' id='line_1_33' title="bbox 336 4021 1509 4122; baseline -0.002 -23"><span class='ocrx_word' id='word_1_270' title='bbox 336 4035 424 4113; x_wconf 81' lang='lat' dir='ltr'>Quae</span> <span class='ocrx_word' id='word_1_271' title='bbox 443 4035 591 4118; x_wconf 85' lang='lat' dir='ltr'>apposita</span> <span class='ocrx_word' id='word_1_272' title='bbox 610 4035 638 4098; x_wconf 91' lang='lat' dir='ltr'><strong><em>si</em></strong></span> <span class='ocrx_word' id='word_1_273' title='bbox 659 4055 726 4098; x_wconf 91' lang='lat' dir='ltr'><strong><em>non</em></strong></span> <span class='ocrx_word' id='word_1_274' title='bbox 748 4035 845 4100; x_wconf 88' lang='lat' dir='ltr'>nimis</span> <span class='ocrx_word' id='word_1_275' title='bbox 864 4057 990 4122; x_wconf 82' lang='lat' dir='ltr'>magna,</span> <span class='ocrx_word' id='word_1_276' title='bbox 1014 4039 1047 4100; x_wconf 87' lang='lat' dir='ltr'><strong><em>at</em></strong></span> <span class='ocrx_word' id='word_1_277' title='bbox 1065 4040 1150 4100; x_wconf 86' lang='lat' dir='ltr'>oerte</span> <span class='ocrx_word' id='word_1_278' title='bbox 1173 4021 1292 4119; x_wconf 78' lang='grc' dir='ltr'><strong><em>ἄκαιρα</em></strong></span> <span class='ocrx_word' id='word_1_279' title='bbox 1315 4039 1390 4098; x_wconf 84' lang='lat' dir='ltr'>sunt</span> <span class='ocrx_word' id='word_1_280' title='bbox 1413 4056 1509 4118; x_wconf 90' lang='lat' dir='ltr'>prop·</span> 
     </span>
     <span class='ocr_line' id='line_1_34' title="bbox 336 4138 1510 4226; baseline -0.003 -20"><span class='ocrx_word' id='word_1_281' title='bbox 336 4146 422 4206; x_wconf 87' lang='lat' dir='ltr'>terea</span> <span class='ocrx_word' id='word_1_282' title='bbox 450 4140 536 4224; x_wconf 91' lang='lat' dir='ltr'>quod</span> <span class='ocrx_word' id='word_1_283' title='bbox 568 4163 698 4224; x_wconf 86' lang='lat' dir='ltr'>prorsus</span> <span class='ocrx_word' id='word_1_284' title='bbox 731 4164 968 4226; x_wconf 79' lang='lat' dir='ltr'>supervacanea</span> <span class='ocrx_word' id='word_1_285' title='bbox 997 4146 1072 4207; x_wconf 91' lang='lat' dir='ltr'>sunt</span> <span class='ocrx_word' id='word_1_286' title='bbox 1102 4145 1199 4226; x_wconf 86' lang='lat' dir='ltr'>atque</span> <span class='ocrx_word' id='word_1_287' title='bbox 1230 4141 1365 4205; x_wconf 89' lang='lat' dir='ltr'>inutilia.</span> <span class='ocrx_word' id='word_1_288' title='bbox 1416 4138 1510 4203; x_wconf 89' lang='lat' dir='ltr'>Nihil</span> 
     </span>
     <span class='ocr_line' id='line_1_35' title="bbox 336 4247 1509 4335; baseline -0.003 -24"><span class='ocrx_word' id='word_1_289' title='bbox 336 4249 413 4313; x_wconf 87' lang='lat' dir='ltr'>novi</span> <span class='ocrx_word' id='word_1_290' title='bbox 439 4248 623 4313; x_wconf 87' lang='lat' dir='ltr'>nominibus</span> <span class='ocrx_word' id='word_1_291' title='bbox 652 4249 831 4334; x_wconf 83' lang='lat' dir='ltr'>adiungunt</span> <span class='ocrx_word' id='word_1_292' title='bbox 857 4271 962 4333; x_wconf 89' lang='lat' dir='ltr'>neque</span> <span class='ocrx_word' id='word_1_293' title='bbox 989 4248 1095 4335; x_wconf 84' lang='lat' dir='ltr'>posita</span> <span class='ocrx_word' id='word_1_294' title='bbox 1122 4252 1198 4312; x_wconf 90' lang='lat' dir='ltr'>sunt</span> <span class='ocrx_word' id='word_1_295' title='bbox 1223 4247 1288 4312; x_wconf 87' lang='lat' dir='ltr'>nisi</span> <span class='ocrx_word' id='word_1_296' title='bbox 1314 4247 1419 4310; x_wconf 85' lang='lat' dir='ltr'>inanis</span> <span class='ocrx_word' id='word_1_297' title='bbox 1442 4268 1509 4311; x_wconf 88' lang='lat' dir='ltr'>ver-</span> 
     </span>
    </p>
   </div>
   <div class='ocr_carea' id='block_1_6' title="bbox 296 4474 1509 4638">
    <p class='ocr_par' dir='ltr' id='par_1_7' title="bbox 296 4474 1509 4638">
     <span class='ocr_line' id='line_1_36' title="bbox 296 4474 1509 4550; baseline -0.002 -18"><span class='ocrx_word' id='word_1_298' title='bbox 296 4517 300 4525; x_wconf 86' lang='lat'>.</span> <span class='ocrx_word' id='word_1_299' title='bbox 427 4481 452 4550; x_wconf 88' lang='lat'><strong><em>1)</em></strong></span> <span class='ocrx_word' id='word_1_300' title='bbox 471 4477 507 4534; x_wconf 87' lang='lat' dir='ltr'>ef.</span> <span class='ocrx_word' id='word_1_301' title='bbox 525 4478 648 4545; x_wconf 87' lang='lat' dir='ltr'>Vahlen,</span> <span class='ocrx_word' id='word_1_302' title='bbox 667 4477 724 4533; x_wconf 85' lang='lat' dir='ltr'><strong><em>Der</em></strong></span> <span class='ocrx_word' id='word_1_303' title='bbox 741 4478 848 4533; x_wconf 86' lang='lat' dir='ltr'>Rhetor</span> <span class='ocrx_word' id='word_1_304' title='bbox 865 4477 1033 4534; x_wconf 82' lang='lat' dir='ltr'>Alkidamas</span> <span class='ocrx_word' id='word_1_305' title='bbox 1051 4478 1083 4532; x_wconf 90' lang='lat' dir='ltr'><strong><em>in</em></strong></span> <span class='ocrx_word' id='word_1_306' title='bbox 1101 4477 1251 4532; x_wconf 76' lang='lat' dir='ltr'>Situ-Ber.</span> <span class='ocrx_word' id='word_1_307' title='bbox 1269 4477 1295 4531; x_wconf 91' lang='lat' dir='ltr'><strong><em>d.</em></strong></span> <span class='ocrx_word' id='word_1_308' title='bbox 1311 4475 1402 4531; x_wconf 90' lang='lat' dir='ltr'>Wien.</span> <span class='ocrx_word' id='word_1_309' title='bbox 1417 4474 1509 4530; x_wconf 82' lang='lat' dir='ltr'>Aked.</span> 
     </span>
     <span class='ocr_line' id='line_1_37' title="bbox 336 4568 761 4638; baseline -0.005 -15"><span class='ocrx_word' id='word_1_310' title='bbox 336 4568 493 4638; x_wconf 78' lang='lat' dir='ltr'>phil-hist.</span> <span class='ocrx_word' id='word_1_311' title='bbox 509 4568 552 4622; x_wconf 85' lang='grc' dir='ltr'><strong><em>Κλ.</em></strong></span> <span class='ocrx_word' id='word_1_312' title='bbox 572 4574 640 4623; x_wconf 84' lang='grc'><strong>1863</strong></span> <span class='ocrx_word' id='word_1_313' title='bbox 659 4585 686 4638; x_wconf 92' lang='lat' dir='ltr'><strong><em>p.</em></strong></span> <span class='ocrx_word' id='word_1_314' title='bbox 702 4573 761 4622; x_wconf 77' lang='lat'>492.</span> 
     </span>
    </p>
   </div>
   <div class='ocr_carea' id='block_1_7' title="bbox 0 0 1760 5325">
    <p class='ocr_par' dir='ltr' id='par_1_8' title="bbox 0 0 1760 5325">
     <span class='ocr_line' id='line_1_38' title="bbox 0 0 1760 5325; baseline 0 0"><span class='ocrx_word' id='word_1_315' title='bbox 0 0 1760 5325; x_wconf 95' lang='lat' dir='ltr'><strong><em> </em></strong></span> 
     </span>
    </p>
   </div>
  </div>
 </body>
</html>
