<?xml version="1.0" encoding="UTF-8"?>
<!DOCTYPE html PUBLIC "-//W3C//DTD XHTML 1.0 Transitional//EN"
    "http://www.w3.org/TR/xhtml1/DTD/xhtml1-transitional.dtd">
<html xmlns="http://www.w3.org/1999/xhtml" xml:lang="en" lang="en">
 <head>
  <title>
</title>
<meta http-equiv="Content-Type" content="text/html;charset=utf-8" />
  <meta name='ocr-system' content='tesseract 3.04.00' />
  <meta name='ocr-capabilities' content='ocr_page ocr_carea ocr_par ocr_line ocrx_word'/>
</head>
<body>
  <div class='ocr_page' id='page_1' title='image "./deherodotielocu00wundgoog_0007.png"; bbox 0 0 3509 5325; ppageno 0'>
   <div class='ocr_carea' id='block_1_1' title="bbox 743 496 941 561">
    <p class='ocr_par' dir='ltr' id='par_1_1' title="bbox 743 496 941 561">
     <span class='ocr_line' id='line_1_1' title="bbox 743 496 941 561; baseline -0.005 -16"><span class='ocrx_word' id='word_1_1' title='bbox 743 496 941 561; x_wconf 65' lang='lat'>„5-</span> 
     </span>
    </p>
   </div>
   <div class='ocr_carea' id='block_1_2' title="bbox 251 656 1427 1274">
    <p class='ocr_par' dir='ltr' id='par_1_2' title="bbox 251 656 1427 1274">
     <span class='ocr_line' id='line_1_2' title="bbox 342 656 1427 742; baseline 0.003 -22"><span class='ocrx_word' id='word_1_2' title='bbox 342 656 386 720; x_wconf 81' lang='lat' dir='ltr'>Et</span> <span class='ocrx_word' id='word_1_3' title='bbox 417 661 493 722; x_wconf 91' lang='lat' dir='ltr'>sunt</span> <span class='ocrx_word' id='word_1_4' title='bbox 524 658 670 741; x_wconf 87' lang='lat' dir='ltr'>profecto</span> <span class='ocrx_word' id='word_1_5' title='bbox 701 657 788 721; x_wconf 88' lang='lat' dir='ltr'>haud</span> <span class='ocrx_word' id='word_1_6' title='bbox 818 678 921 740; x_wconf 88' lang='lat' dir='ltr'>pauca</span> <span class='ocrx_word' id='word_1_7' title='bbox 949 658 1125 742; x_wconf 89' lang='lat' dir='ltr'>figurarum</span> <span class='ocrx_word' id='word_1_8' title='bbox 1156 658 1315 741; x_wconf 86' lang='lat' dir='ltr'>exempla,</span> <span class='ocrx_word' id='word_1_9' title='bbox 1348 679 1427 741; x_wconf 89' lang='lat' dir='ltr'>quas</span> 
     </span>
     <span class='ocr_line' id='line_1_3' title="bbox 252 761 1426 849; baseline 0.001 -22"><span class='ocrx_word' id='word_1_10' title='bbox 252 766 375 828; x_wconf 86' lang='lat' dir='ltr'>veteres</span> <span class='ocrx_word' id='word_1_11' title='bbox 407 764 551 828; x_wconf 76' lang='lat' dir='ltr'>rhetores</span> <span class='ocrx_word' id='word_1_12' title='bbox 584 786 603 827; x_wconf 90' lang='lat' dir='ltr'>a</span> <span class='ocrx_word' id='word_1_13' title='bbox 635 761 754 849; x_wconf 78' lang='lat' dir='ltr'>Gorgia</span> <span class='ocrx_word' id='word_1_14' title='bbox 784 764 1045 847; x_wconf 85' lang='lat' dir='ltr'>nominaverunt,</span> <span class='ocrx_word' id='word_1_15' title='bbox 1082 764 1116 827; x_wconf 91' lang='lat' dir='ltr'>in</span> <span class='ocrx_word' id='word_1_16' title='bbox 1144 764 1303 828; x_wconf 77' lang='lat' dir='ltr'>Herodoti</span> <span class='ocrx_word' id='word_1_17' title='bbox 1333 764 1426 828; x_wconf 89' lang='lat' dir='ltr'>libris</span> 
     </span>
     <span class='ocr_line' id='line_1_4' title="bbox 251 868 1426 957; baseline 0.002 -24"><span class='ocrx_word' id='word_1_18' title='bbox 251 868 418 957; x_wconf 76' lang='lat' dir='ltr'>reperta1).</span> <span class='ocrx_word' id='word_1_19' title='bbox 455 868 501 935; x_wconf 93' lang='lat' dir='ltr'>At</span> <span class='ocrx_word' id='word_1_20' title='bbox 524 892 635 935; x_wconf 87' lang='lat' dir='ltr'>omnes</span> <span class='ocrx_word' id='word_1_21' title='bbox 658 871 730 934; x_wconf 90' lang='lat' dir='ltr'>illas</span> <span class='ocrx_word' id='word_1_22' title='bbox 750 870 870 955; x_wconf 87' lang='lat' dir='ltr'>figures</span> <span class='ocrx_word' id='word_1_23' title='bbox 894 868 1080 947; x_wconf 78' lang='grc' dir='ltr'><strong><em>ἀντιθέσεις</em></strong></span> <span class='ocrx_word' id='word_1_24' title='bbox 1102 871 1302 952; x_wconf 78' lang='grc' dir='ltr'><strong><em>παρισώσεις</em></strong></span> <span class='ocrx_word' id='word_1_25' title='bbox 1324 891 1426 956; x_wconf 79' lang='grc' dir='ltr'><strong><em>παρο-</em></strong></span> 
     </span>
     <span class='ocr_line' id='line_1_5' title="bbox 252 972 1425 1064; baseline 0 -22"><span class='ocrx_word' id='word_1_26' title='bbox 252 978 406 1061; x_wconf 82' lang='grc' dir='ltr'><strong><em>μοιώσεις</em></strong></span> <span class='ocrx_word' id='word_1_27' title='bbox 428 977 549 1041; x_wconf 88' lang='lat' dir='ltr'>similes</span> <span class='ocrx_word' id='word_1_28' title='bbox 572 998 639 1041; x_wconf 90' lang='lat' dir='ltr'>non</span> <span class='ocrx_word' id='word_1_29' title='bbox 662 972 802 1061; x_wconf 77' lang='lat' dir='ltr'>ap&#39;rimo</span> <span class='ocrx_word' id='word_1_30' title='bbox 822 974 942 1064; x_wconf 89' lang='lat' dir='ltr'>Gorgia</span> <span class='ocrx_word' id='word_1_31' title='bbox 965 978 1163 1064; x_wconf 82' lang='lat' dir='ltr'>excogitatas</span> <span class='ocrx_word' id='word_1_32' title='bbox 1186 998 1264 1059; x_wconf 87' lang='lat' dir='ltr'>esse,</span> <span class='ocrx_word' id='word_1_33' title='bbox 1287 976 1343 1041; x_wconf 88' lang='lat' dir='ltr'>sed</span> <span class='ocrx_word' id='word_1_34' title='bbox 1361 978 1425 1042; x_wconf 90' lang='lat' dir='ltr'>iam</span> 
     </span>
     <span class='ocr_line' id='line_1_6' title="bbox 252 1083 1425 1168; baseline 0.001 -21"><span class='ocrx_word' id='word_1_35' title='bbox 252 1087 326 1148; x_wconf 89' lang='lat' dir='ltr'>ante</span> <span class='ocrx_word' id='word_1_36' title='bbox 358 1084 576 1168; x_wconf 77' lang='lat' dir='ltr'>sophistarum</span> <span class='ocrx_word' id='word_1_37' title='bbox 607 1087 754 1167; x_wconf 90' lang='lat' dir='ltr'>tempora</span> <span class='ocrx_word' id='word_1_38' title='bbox 785 1083 870 1167; x_wconf 90' lang='lat' dir='ltr'>apud</span> <span class='ocrx_word' id='word_1_39' title='bbox 903 1087 1014 1168; x_wconf 89' lang='lat' dir='ltr'>poetas</span> <span class='ocrx_word' id='word_1_40' title='bbox 1044 1083 1140 1148; x_wconf 92' lang='lat' dir='ltr'>modo</span> <span class='ocrx_word' id='word_1_41' title='bbox 1173 1084 1299 1167; x_wconf 89' lang='lat' dir='ltr'>saepius</span> <span class='ocrx_word' id='word_1_42' title='bbox 1329 1084 1425 1148; x_wconf 92' lang='lat' dir='ltr'>modo</span> 
     </span>
     <span class='ocr_line' id='line_1_7' title="bbox 252 1189 1425 1274; baseline 0 -19"><span class='ocrx_word' id='word_1_43' title='bbox 252 1190 380 1274; x_wconf 90' lang='lat' dir='ltr'>parcius</span> <span class='ocrx_word' id='word_1_44' title='bbox 399 1212 564 1257; x_wconf 89' lang='lat' dir='ltr'>occurrere</span> <span class='ocrx_word' id='word_1_45' title='bbox 583 1194 718 1257; x_wconf 89' lang='lat' dir='ltr'>constat.</span> <span class='ocrx_word' id='word_1_46' title='bbox 751 1189 838 1267; x_wconf 84' lang='lat' dir='ltr'>Quae</span> <span class='ocrx_word' id='word_1_47' title='bbox 855 1211 928 1255; x_wconf 84' lang='lat' dir='ltr'>cunr</span> <span class='ocrx_word' id='word_1_48' title='bbox 948 1191 994 1255; x_wconf 87' lang='lat' dir='ltr'>ita</span> <span class='ocrx_word' id='word_1_49' title='bbox 1011 1190 1085 1273; x_wconf 86' lang='lat' dir='ltr'>sint,</span> <span class='ocrx_word' id='word_1_50' title='bbox 1103 1194 1211 1255; x_wconf 86' lang='lat' dir='ltr'>atrurn</span> <span class='ocrx_word' id='word_1_51' title='bbox 1226 1189 1425 1255; x_wconf 88' lang='lat' dir='ltr'>Herodoteae</span> 
     </span>
    </p>
   </div>
   <div class='ocr_carea' id='block_1_3' title="bbox 132 1296 1426 1383">
    <p class='ocr_par' dir='ltr' id='par_1_3' title="bbox 132 1296 1426 1383">
     <span class='ocr_line' id='line_1_8' title="bbox 132 1296 1426 1383; baseline 0 -22"><span class='ocrx_word' id='word_1_52' title='bbox 132 1326 133 1331; x_wconf 44' lang='lat'>¹</span> <span class='ocrx_word' id='word_1_53' title='bbox 252 1297 326 1361; x_wconf 91' lang='lat' dir='ltr'>illae</span> <span class='ocrx_word' id='word_1_54' title='bbox 343 1298 465 1383; x_wconf 89' lang='lat' dir='ltr'>figurae</span> <span class='ocrx_word' id='word_1_55' title='bbox 484 1297 523 1362; x_wconf 88' lang='lat' dir='ltr'>ad</span> <span class='ocrx_word' id='word_1_56' title='bbox 542 1296 759 1381; x_wconf 79' lang='lat' dir='ltr'>sophistarum</span> <span class='ocrx_word' id='word_1_57' title='bbox 778 1302 881 1362; x_wconf 86' lang='lat' dir='ltr'>artem</span> <span class='ocrx_word' id='word_1_58' title='bbox 899 1320 936 1363; x_wconf 90' lang='lat' dir='ltr'>ac</span> <span class='ocrx_word' id='word_1_59' title='bbox 959 1300 1129 1381; x_wconf 87' lang='lat' dir='ltr'>praecepta</span> <span class='ocrx_word' id='word_1_60' title='bbox 1145 1297 1342 1363; x_wconf 86' lang='lat' dir='ltr'>revocandae</span> <span class='ocrx_word' id='word_1_61' title='bbox 1361 1298 1426 1362; x_wconf 90' lang='lat' dir='ltr'>sint</span> 
     </span>
    </p>
   </div>
   <div class='ocr_carea' id='block_1_4' title="bbox 249 1402 1426 3623">
    <p class='ocr_par' dir='ltr' id='par_1_4' title="bbox 250 1402 1426 2130">
     <span class='ocr_line' id='line_1_9' title="bbox 252 1402 1426 1490; baseline -0.004 -18"><span class='ocrx_word' id='word_1_62' title='bbox 252 1427 293 1472; x_wconf 85' lang='lat' dir='ltr'>an</span> <span class='ocrx_word' id='word_1_63' title='bbox 320 1404 360 1467; x_wconf 91' lang='lat' dir='ltr'>ab</span> <span class='ocrx_word' id='word_1_64' title='bbox 388 1403 572 1489; x_wconf 88' lang='lat' dir='ltr'>eloquentia</span> <span class='ocrx_word' id='word_1_65' title='bbox 598 1402 726 1470; x_wconf 89' lang='lat' dir='ltr'>Graecis</span> <span class='ocrx_word' id='word_1_66' title='bbox 755 1404 794 1469; x_wconf 93' lang='lat' dir='ltr'>ab</span> <span class='ocrx_word' id='word_1_67' title='bbox 822 1402 916 1469; x_wconf 91' lang='lat' dir='ltr'>initio</span> <span class='ocrx_word' id='word_1_68' title='bbox 945 1404 1055 1469; x_wconf 86' lang='lat' dir='ltr'>innata</span> <span class='ocrx_word' id='word_1_69' title='bbox 1082 1404 1239 1490; x_wconf 84' lang='lat' dir='ltr'>originem</span> <span class='ocrx_word' id='word_1_70' title='bbox 1268 1404 1426 1488; x_wconf 85' lang='lat' dir='ltr'>duxerint,</span> 
     </span>
     <span class='ocr_line' id='line_1_10' title="bbox 252 1509 1425 1595; baseline 0.001 -21"><span class='ocrx_word' id='word_1_71' title='bbox 252 1511 354 1575; x_wconf 86' lang='lat' dir='ltr'>oritur</span> <span class='ocrx_word' id='word_1_72' title='bbox 367 1511 521 1594; x_wconf 90' lang='lat' dir='ltr'>quaestio.</span> <span class='ocrx_word' id='word_1_73' title='bbox 555 1509 642 1575; x_wconf 90' lang='lat' dir='ltr'>lllud</span> <span class='ocrx_word' id='word_1_74' title='bbox 655 1511 785 1595; x_wconf 92' lang='lat' dir='ltr'>quidem</span> <span class='ocrx_word' id='word_1_75' title='bbox 804 1512 1068 1575; x_wconf 86' lang='lat' dir='ltr'>existimaverunt</span> <span class='ocrx_word' id='word_1_76' title='bbox 1086 1510 1176 1575; x_wconf 88' lang='lat' dir='ltr'>Diels</span> <span class='ocrx_word' id='word_1_77' title='bbox 1195 1509 1290 1575; x_wconf 84' lang='lat' dir='ltr'>Maass</span> <span class='ocrx_word' id='word_1_78' title='bbox 1308 1510 1425 1575; x_wconf 89' lang='lat' dir='ltr'>Kaibel</span> 
     </span>
     <span class='ocr_line' id='line_1_11' title="bbox 250 1614 1424 1704; baseline 0.002 -23"><span class='ocrx_word' id='word_1_79' title='bbox 250 1614 383 1681; x_wconf 88' lang='lat' dir='ltr'>Norden</span> <span class='ocrx_word' id='word_1_80' title='bbox 400 1615 433 1681; x_wconf 93' lang='lat' dir='ltr'>ll.</span> <span class='ocrx_word' id='word_1_81' title='bbox 449 1639 502 1701; x_wconf 84' lang='lat' dir='ltr'>cc,</span> <span class='ocrx_word' id='word_1_82' title='bbox 522 1621 634 1683; x_wconf 88' lang='lat' dir='ltr'>contra</span> <span class='ocrx_word' id='word_1_83' title='bbox 651 1617 814 1683; x_wconf 79' lang='lat' dir='ltr'>Nieschlre</span> <span class='ocrx_word' id='word_1_84' title='bbox 833 1618 890 1702; x_wconf 89' lang='lat' dir='ltr'>qui</span> <span class='ocrx_word' id='word_1_85' title='bbox 907 1619 1027 1702; x_wconf 88' lang='lat' dir='ltr'>figuras</span> <span class='ocrx_word' id='word_1_86' title='bbox 1046 1639 1124 1700; x_wconf 89' lang='lat' dir='ltr'>quas</span> <span class='ocrx_word' id='word_1_87' title='bbox 1139 1621 1256 1683; x_wconf 87' lang='lat' dir='ltr'>vocant</span> <span class='ocrx_word' id='word_1_88' title='bbox 1271 1615 1424 1704; x_wconf 90' lang='lat' dir='ltr'>Gorgieas</span> 
     </span>
     <span class='ocr_line' id='line_1_12' title="bbox 251 1722 1425 1811; baseline 0.001 -24"><span class='ocrx_word' id='word_1_89' title='bbox 251 1745 291 1787; x_wconf 81' lang='lat' dir='ltr'>ex</span> <span class='ocrx_word' id='word_1_90' title='bbox 304 1722 439 1787; x_wconf 91' lang='lat' dir='ltr'>Homeri</span> <span class='ocrx_word' id='word_1_91' title='bbox 454 1722 648 1789; x_wconf 80' lang='lat' dir='ltr'>carminibus</span> <span class='ocrx_word' id='word_1_92' title='bbox 663 1723 908 1811; x_wconf 83' lang='lat' dir='ltr'>diligentissime</span> <span class='ocrx_word' id='word_1_93' title='bbox 923 1722 1093 1810; x_wconf 70' lang='lat' dir='ltr'>collegit&#39;),</span> <span class='ocrx_word' id='word_1_94' title='bbox 1111 1723 1313 1789; x_wconf 90' lang='lat' dir='ltr'>Herodotum</span> <span class='ocrx_word' id='word_1_95' title='bbox 1326 1725 1425 1788; x_wconf 90' lang='lat' dir='ltr'>etiam</span> 
     </span>
     <span class='ocr_line' id='line_1_13' title="bbox 250 1829 1424 1916; baseline 0.001 -22"><span class='ocrx_word' id='word_1_96' title='bbox 250 1830 285 1894; x_wconf 91' lang='lat' dir='ltr'>in</span> <span class='ocrx_word' id='word_1_97' title='bbox 302 1829 353 1895; x_wconf 88' lang='lat' dir='ltr'>his</span> <span class='ocrx_word' id='word_1_98' title='bbox 371 1830 484 1915; x_wconf 87' lang='lat' dir='ltr'>figuris</span> <span class='ocrx_word' id='word_1_99' title='bbox 503 1831 694 1914; x_wconf 84' lang='lat' dir='ltr'>usurpandis</span> <span class='ocrx_word' id='word_1_100' title='bbox 709 1830 887 1895; x_wconf 88' lang='lat' dir='ltr'>Homerum</span> <span class='ocrx_word' id='word_1_101' title='bbox 906 1830 1068 1894; x_wconf 88' lang='lat' dir='ltr'>imitatum</span> <span class='ocrx_word' id='word_1_102' title='bbox 1088 1852 1156 1895; x_wconf 87' lang='lat' dir='ltr'>esse</span> <span class='ocrx_word' id='word_1_103' title='bbox 1170 1831 1281 1896; x_wconf 86' lang='lat' dir='ltr'>voluit</span> <span class='ocrx_word' id='word_1_104' title='bbox 1316 1829 1424 1916; x_wconf 84' lang='lat' dir='ltr'>Atque</span> 
     </span>
     <span class='ocr_line' id='line_1_14' title="bbox 250 1934 1423 2024; baseline 0.002 -24"><span class='ocrx_word' id='word_1_105' title='bbox 250 1935 420 2001; x_wconf 79' lang='lat' dir='ltr'>Eduardus</span> <span class='ocrx_word' id='word_1_106' title='bbox 429 1936 538 2020; x_wconf 88' lang='lat' dir='ltr'>Meyer</span> <span class='ocrx_word' id='word_1_107' title='bbox 545 1934 571 2023; x_wconf 82' lang='lat'>³)</span> <span class='ocrx_word' id='word_1_108' title='bbox 587 1942 618 2001; x_wconf 89' lang='lat' dir='ltr'>et</span> <span class='ocrx_word' id='word_1_109' title='bbox 630 1935 773 2024; x_wconf 76' lang='lat' dir='ltr'>Thiele4)</span> <span class='ocrx_word' id='word_1_110' title='bbox 788 1938 850 2021; x_wconf 92' lang='lat' dir='ltr'>ipsi</span> <span class='ocrx_word' id='word_1_111' title='bbox 865 1958 994 2021; x_wconf 91' lang='lat' dir='ltr'>quoque</span> <span class='ocrx_word' id='word_1_112' title='bbox 1008 1937 1215 2002; x_wconf 88' lang='lat' dir='ltr'>historiarum</span> <span class='ocrx_word' id='word_1_113' title='bbox 1233 1938 1423 2023; x_wconf 80' lang='lat' dir='ltr'>scriptorem</span> 
     </span>
     <span class='ocr_line' id='line_1_15' title="bbox 251 2044 1135 2130; baseline 0 -22"><span class='ocrx_word' id='word_1_114' title='bbox 251 2064 324 2108; x_wconf 88' lang='lat' dir='ltr'>cum</span> <span class='ocrx_word' id='word_1_115' title='bbox 348 2044 510 2127; x_wconf 89' lang='lat' dir='ltr'>sophistis</span> <span class='ocrx_word' id='word_1_116' title='bbox 525 2044 775 2128; x_wconf 88' lang='lat' dir='ltr'>comparandum</span> <span class='ocrx_word' id='word_1_117' title='bbox 798 2066 867 2108; x_wconf 89' lang='lat' dir='ltr'>osse</span> <span class='ocrx_word' id='word_1_118' title='bbox 891 2044 1135 2130; x_wconf 74' lang='lat' dir='ltr'>denegaveramt.</span> 
     </span>
    </p>

    <p class='ocr_par' dir='ltr' id='par_1_5' title="bbox 249 2147 1424 3623">
     <span class='ocr_line' id='line_1_16' title="bbox 340 2147 1423 2235; baseline -0.001 -21"><span class='ocrx_word' id='word_1_119' title='bbox 340 2147 443 2225; x_wconf 85' lang='lat' dir='ltr'>Quam</span> <span class='ocrx_word' id='word_1_120' title='bbox 457 2149 499 2214; x_wconf 94' lang='lat' dir='ltr'>ob</span> <span class='ocrx_word' id='word_1_121' title='bbox 514 2172 642 2216; x_wconf 88' lang='lat' dir='ltr'>causam</span> <span class='ocrx_word' id='word_1_122' title='bbox 660 2172 727 2215; x_wconf 88' lang='lat' dir='ltr'>non</span> <span class='ocrx_word' id='word_1_123' title='bbox 745 2150 823 2215; x_wconf 89' lang='lat' dir='ltr'>satis</span> <span class='ocrx_word' id='word_1_124' title='bbox 842 2172 911 2214; x_wconf 88' lang='lat' dir='ltr'>esse</span> <span class='ocrx_word' id='word_1_125' title='bbox 928 2150 1050 2235; x_wconf 89' lang='lat' dir='ltr'>figuras</span> <span class='ocrx_word' id='word_1_126' title='bbox 1067 2172 1106 2213; x_wconf 86' lang='lat' dir='ltr'>ex</span> <span class='ocrx_word' id='word_1_127' title='bbox 1119 2148 1278 2214; x_wconf 86' lang='lat' dir='ltr'>Herodoti</span> <span class='ocrx_word' id='word_1_128' title='bbox 1297 2151 1423 2233; x_wconf 88' lang='lat' dir='ltr'>scriptis</span> 
     </span>
     <span class='ocr_line' id='line_1_17' title="bbox 251 2246 1424 2343; baseline 0.001 -23"><span class='ocrx_word' id='word_1_129' title='bbox 251 2246 402 2341; x_wconf 80' lang='lat' dir='ltr'>colligere</span> <span class='ocrx_word' id='word_1_130' title='bbox 420 2256 625 2340; x_wconf 89' lang='lat' dir='ltr'>perspicuum</span> <span class='ocrx_word' id='word_1_131' title='bbox 644 2260 701 2321; x_wconf 90' lang='lat' dir='ltr'>est.</span> <span class='ocrx_word' id='word_1_132' title='bbox 739 2255 825 2333; x_wconf 84' lang='lat' dir='ltr'>Quas</span> <span class='ocrx_word' id='word_1_133' title='bbox 844 2254 980 2343; x_wconf 77' lang='lat' dir='ltr'>Gorgias</span> <span class='ocrx_word' id='word_1_134' title='bbox 1002 2278 1069 2321; x_wconf 88' lang='lat' dir='ltr'>non</span> <span class='ocrx_word' id='word_1_135' title='bbox 1087 2278 1145 2321; x_wconf 89' lang='lat' dir='ltr'>suo</span> <span class='ocrx_word' id='word_1_136' title='bbox 1165 2256 1297 2321; x_wconf 88' lang='lat' dir='ltr'>arbitrio</span> <span class='ocrx_word' id='word_1_137' title='bbox 1321 2255 1424 2341; x_wconf 84' lang='lat' dir='ltr'>finxit,</span> 
     </span>
     <span class='ocr_line' id='line_1_18' title="bbox 250 2360 1424 2449; baseline -0.001 -22"><span class='ocrx_word' id='word_1_138' title='bbox 250 2362 306 2427; x_wconf 89' lang='lat' dir='ltr'>sed</span> <span class='ocrx_word' id='word_1_139' title='bbox 333 2384 350 2427; x_wconf 96' lang='lat' dir='ltr'>e</span> <span class='ocrx_word' id='word_1_140' title='bbox 378 2363 541 2429; x_wconf 91' lang='lat' dir='ltr'>communi</span> <span class='ocrx_word' id='word_1_141' title='bbox 568 2360 762 2430; x_wconf 85' lang='lat' dir='ltr'>Graecorum</span> <span class='ocrx_word' id='word_1_142' title='bbox 792 2385 854 2427; x_wconf 90' lang='lat' dir='ltr'>usu</span> <span class='ocrx_word' id='word_1_143' title='bbox 882 2360 1028 2447; x_wconf 88' lang='lat' dir='ltr'>sumpsit.</span> <span class='ocrx_word' id='word_1_144' title='bbox 1075 2360 1178 2427; x_wconf 75' lang='lat' dir='ltr'>Gentis</span> <span class='ocrx_word' id='word_1_145' title='bbox 1205 2363 1305 2447; x_wconf 88' lang='lat' dir='ltr'>igitur</span> <span class='ocrx_word' id='word_1_146' title='bbox 1332 2384 1424 2449; x_wconf 91' lang='lat' dir='ltr'>argu-</span> 
     </span>
     <span class='ocr_line' id='line_1_19' title="bbox 249 2467 1424 2553; baseline 0 -20"><span class='ocrx_word' id='word_1_147' title='bbox 249 2470 366 2534; x_wconf 88' lang='lat' dir='ltr'>mentis</span> <span class='ocrx_word' id='word_1_148' title='bbox 388 2491 565 2553; x_wconf 88' lang='lat' dir='ltr'>numquam</span> <span class='ocrx_word' id='word_1_149' title='bbox 587 2470 653 2534; x_wconf 87' lang='lat' dir='ltr'>fcre</span> <span class='ocrx_word' id='word_1_150' title='bbox 676 2470 796 2553; x_wconf 91' lang='lat' dir='ltr'>poterit</span> <span class='ocrx_word' id='word_1_151' title='bbox 819 2470 1031 2534; x_wconf 84' lang='lat' dir='ltr'>demonstrari</span> <span class='ocrx_word' id='word_1_152' title='bbox 1050 2469 1184 2553; x_wconf 85' lang='lat' dir='ltr'>quidex</span> <span class='ocrx_word' id='word_1_153' title='bbox 1207 2467 1424 2553; x_wconf 89' lang='lat' dir='ltr'>sophistarum</span> 
     </span>
     <span class='ocr_line' id='line_1_20' title="bbox 250 2566 1424 2662; baseline 0.001 -22"><span class='ocrx_word' id='word_1_154' title='bbox 250 2566 395 2641; x_wconf 87' lang='lat' dir='ltr'>doctrina</span> <span class='ocrx_word' id='word_1_155' title='bbox 418 2580 524 2641; x_wconf 85' lang='lat' dir='ltr'>ortum</span> <span class='ocrx_word' id='word_1_156' title='bbox 548 2578 599 2662; x_wconf 84' lang='lat' dir='ltr'>sit,</span> <span class='ocrx_word' id='word_1_157' title='bbox 621 2576 685 2640; x_wconf 86' lang='lat' dir='ltr'>nisi</span> <span class='ocrx_word' id='word_1_158' title='bbox 706 2576 914 2641; x_wconf 86' lang='lat' dir='ltr'>statuerimus</span> <span class='ocrx_word' id='word_1_159' title='bbox 938 2576 1015 2661; x_wconf 94' lang='lat' dir='ltr'>quid</span> <span class='ocrx_word' id='word_1_160' title='bbox 1037 2576 1080 2640; x_wconf 88' lang='lat' dir='ltr'>sit</span> <span class='ocrx_word' id='word_1_161' title='bbox 1103 2576 1296 2662; x_wconf 84' lang='lat' dir='ltr'>sophisticae</span> <span class='ocrx_word' id='word_1_162' title='bbox 1319 2575 1424 2643; x_wconf 88' lang='lat' dir='ltr'>elocu-</span> 
     </span>
     <span class='ocr_line' id='line_1_21' title="bbox 249 2681 1424 2769; baseline 0 -22"><span class='ocrx_word' id='word_1_163' title='bbox 249 2684 347 2748; x_wconf 87' lang='lat' dir='ltr'>tionis</span> <span class='ocrx_word' id='word_1_164' title='bbox 375 2683 541 2767; x_wconf 91' lang='lat' dir='ltr'>proprium</span> <span class='ocrx_word' id='word_1_165' title='bbox 569 2705 606 2750; x_wconf 93' lang='lat' dir='ltr'>ac</span> <span class='ocrx_word' id='word_1_166' title='bbox 633 2684 803 2768; x_wconf 88' lang='lat' dir='ltr'>peculiare.</span> <span class='ocrx_word' id='word_1_167' title='bbox 850 2681 1030 2769; x_wconf 87' lang='lat' dir='ltr'>Gorgianae</span> <span class='ocrx_word' id='word_1_168' title='bbox 1058 2683 1207 2749; x_wconf 88' lang='lat' dir='ltr'>dictionis</span> <span class='ocrx_word' id='word_1_169' title='bbox 1234 2682 1352 2749; x_wconf 91' lang='lat' dir='ltr'>indicia</span> <span class='ocrx_word' id='word_1_170' title='bbox 1377 2684 1424 2747; x_wconf 87' lang='lat' dir='ltr'>in-</span> 
     </span>
     <span class='ocr_line' id='line_1_22' title="bbox 250 2789 1423 2875; baseline 0 -21"><span class='ocrx_word' id='word_1_171' title='bbox 250 2789 348 2855; x_wconf 88' lang='lat' dir='ltr'>dubia</span> <span class='ocrx_word' id='word_1_172' title='bbox 369 2791 576 2855; x_wconf 83' lang='lat' dir='ltr'>monstranda</span> <span class='ocrx_word' id='word_1_173' title='bbox 598 2795 685 2871; x_wconf 90' lang='lat' dir='ltr'>sunt,</span> <span class='ocrx_word' id='word_1_174' title='bbox 713 2793 751 2855; x_wconf 90' lang='lat' dir='ltr'>ut</span> <span class='ocrx_word' id='word_1_175' title='bbox 774 2789 868 2855; x_wconf 87' lang='lat' dir='ltr'>certis</span> <span class='ocrx_word' id='word_1_176' title='bbox 893 2792 1090 2875; x_wconf 88' lang='lat' dir='ltr'>argumentis</span> <span class='ocrx_word' id='word_1_177' title='bbox 1113 2791 1177 2854; x_wconf 87' lang='lat' dir='ltr'>nisi</span> <span class='ocrx_word' id='word_1_178' title='bbox 1201 2790 1423 2874; x_wconf 89' lang='lat' dir='ltr'>quaestionem</span> 
     </span>
     <span class='ocr_line' id='line_1_23' title="bbox 250 2894 1423 2982; baseline 0 -21"><span class='ocrx_word' id='word_1_179' title='bbox 250 2896 467 2980; x_wconf 86' lang='lat' dir='ltr'>absolvamus,</span> <span class='ocrx_word' id='word_1_180' title='bbox 493 2919 560 2962; x_wconf 91' lang='lat' dir='ltr'>non</span> <span class='ocrx_word' id='word_1_181' title='bbox 585 2919 624 2960; x_wconf 86' lang='lat' dir='ltr'>ex</span> <span class='ocrx_word' id='word_1_182' title='bbox 648 2918 743 2962; x_wconf 89' lang='lat' dir='ltr'>sensu</span> <span class='ocrx_word' id='word_1_183' title='bbox 764 2900 877 2962; x_wconf 89' lang='lat' dir='ltr'>nostro</span> <span class='ocrx_word' id='word_1_184' title='bbox 901 2895 1087 2962; x_wconf 85' lang='lat' dir='ltr'>iudicemus.</span> <span class='ocrx_word' id='word_1_185' title='bbox 1132 2894 1246 2980; x_wconf 90' lang='lat' dir='ltr'>Neque</span> <span class='ocrx_word' id='word_1_186' title='bbox 1270 2895 1423 2982; x_wconf 88' lang='lat' dir='ltr'>Gorgieas</span> 
     </span>
     <span class='ocr_line' id='line_1_24' title="bbox 250 3001 1424 3088; baseline 0.001 -21"><span class='ocrx_word' id='word_1_187' title='bbox 250 3004 370 3088; x_wconf 88' lang='lat' dir='ltr'>figuras</span> <span class='ocrx_word' id='word_1_188' title='bbox 389 3004 423 3067; x_wconf 91' lang='lat' dir='ltr'>in</span> <span class='ocrx_word' id='word_1_189' title='bbox 436 3001 594 3068; x_wconf 91' lang='lat' dir='ltr'>Herodoti</span> <span class='ocrx_word' id='word_1_190' title='bbox 613 3003 741 3087; x_wconf 89' lang='lat' dir='ltr'>scriptis</span> <span class='ocrx_word' id='word_1_191' title='bbox 761 3006 908 3069; x_wconf 86' lang='lat' dir='ltr'>excutere</span> <span class='ocrx_word' id='word_1_192' title='bbox 927 3003 1005 3068; x_wconf 88' lang='lat' dir='ltr'>satis</span> <span class='ocrx_word' id='word_1_193' title='bbox 1024 3002 1094 3086; x_wconf 89' lang='lat' dir='ltr'>erit,</span> <span class='ocrx_word' id='word_1_194' title='bbox 1113 3003 1169 3067; x_wconf 89' lang='lat' dir='ltr'>sed</span> <span class='ocrx_word' id='word_1_195' title='bbox 1186 3004 1221 3066; x_wconf 87' lang='lat' dir='ltr'>in</span> <span class='ocrx_word' id='word_1_196' title='bbox 1238 3004 1424 3068; x_wconf 85' lang='lat' dir='ltr'>universum</span> 
     </span>
     <span class='ocr_line' id='line_1_25' title="bbox 250 3108 1424 3195; baseline 0.002 -22"><span class='ocrx_word' id='word_1_197' title='bbox 250 3132 328 3173; x_wconf 91' lang='lat' dir='ltr'>num</span> <span class='ocrx_word' id='word_1_198' title='bbox 351 3109 568 3195; x_wconf 81' lang='lat' dir='ltr'>sophistarum</span> <span class='ocrx_word' id='word_1_199' title='bbox 596 3131 697 3194; x_wconf 90' lang='lat' dir='ltr'>genus</span> <span class='ocrx_word' id='word_1_200' title='bbox 725 3109 850 3174; x_wconf 87' lang='lat' dir='ltr'>dicendi</span> <span class='ocrx_word' id='word_1_201' title='bbox 878 3108 1000 3193; x_wconf 88' lang='lat' dir='ltr'>aliquid</span> <span class='ocrx_word' id='word_1_202' title='bbox 1022 3110 1158 3174; x_wconf 84' lang='lat' dir='ltr'>valuerit</span> <span class='ocrx_word' id='word_1_203' title='bbox 1184 3110 1219 3173; x_wconf 92' lang='lat' dir='ltr'>in</span> <span class='ocrx_word' id='word_1_204' title='bbox 1241 3108 1424 3175; x_wconf 88' lang='lat' dir='ltr'>Herodotea</span> 
     </span>
     <span class='ocr_line' id='line_1_26' title="bbox 251 3214 1423 3300; baseline 0 -20"><span class='ocrx_word' id='word_1_205' title='bbox 251 3215 395 3280; x_wconf 90' lang='lat' dir='ltr'>oratione</span> <span class='ocrx_word' id='word_1_206' title='bbox 427 3237 624 3300; x_wconf 83' lang='lat' dir='ltr'>quaeramus.</span> <span class='ocrx_word' id='word_1_207' title='bbox 676 3214 769 3292; x_wconf 83' lang='lat' dir='ltr'>Quod</span> <span class='ocrx_word' id='word_1_208' title='bbox 799 3237 840 3280; x_wconf 88' lang='lat' dir='ltr'>ne</span> <span class='ocrx_word' id='word_1_209' title='bbox 873 3216 1093 3280; x_wconf 86' lang='lat' dir='ltr'>existimemus</span> <span class='ocrx_word' id='word_1_210' title='bbox 1124 3219 1306 3299; x_wconf 90' lang='lat' dir='ltr'>temporum</span> <span class='ocrx_word' id='word_1_211' title='bbox 1339 3221 1423 3280; x_wconf 88' lang='lat' dir='ltr'>certe</span> 
     </span>
     <span class='ocr_line' id='line_1_27' title="bbox 249 3318 1423 3408; baseline 0 -22"><span class='ocrx_word' id='word_1_212' title='bbox 249 3323 389 3387; x_wconf 89' lang='lat' dir='ltr'>rationes</span> <span class='ocrx_word' id='word_1_213' title='bbox 411 3344 479 3387; x_wconf 89' lang='lat' dir='ltr'>non</span> <span class='ocrx_word' id='word_1_214' title='bbox 502 3322 640 3405; x_wconf 87' lang='lat' dir='ltr'>obstant,</span> <span class='ocrx_word' id='word_1_215' title='bbox 663 3321 696 3385; x_wconf 95' lang='lat' dir='ltr'>id</span> <span class='ocrx_word' id='word_1_216' title='bbox 720 3322 806 3407; x_wconf 90' lang='lat' dir='ltr'>quod</span> <span class='ocrx_word' id='word_1_217' title='bbox 828 3321 991 3388; x_wconf 81' lang='lat' dir='ltr'>Nieschlre</span> <span class='ocrx_word' id='word_1_218' title='bbox 1014 3318 1222 3408; x_wconf 81' lang='lat' dir='ltr'>contendit⁶).</span> <span class='ocrx_word' id='word_1_219' title='bbox 1270 3320 1423 3387; x_wconf 74' lang='lat' dir='ltr'>Constare</span> 
     </span>
     <span class='ocr_line' id='line_1_28' title="bbox 250 3426 1422 3516; baseline -0.001 -22"><span class='ocrx_word' id='word_1_220' title='bbox 250 3431 335 3494; x_wconf 91' lang='lat' dir='ltr'>enim</span> <span class='ocrx_word' id='word_1_221' title='bbox 356 3427 508 3516; x_wconf 77' lang='lat' dir='ltr'>Gorgiam</span> <span class='ocrx_word' id='word_1_222' title='bbox 528 3450 611 3494; x_wconf 83' lang='lat' dir='ltr'>anno</span> <span class='ocrx_word' id='word_1_223' title='bbox 630 3449 656 3492; x_wconf 88' lang='lat' dir='ltr'>a.</span> <span class='ocrx_word' id='word_1_224' title='bbox 672 3426 744 3494; x_wconf 78' lang='lat' dir='ltr'>chr.</span> <span class='ocrx_word' id='word_1_225' title='bbox 759 3450 789 3492; x_wconf 92' lang='lat' dir='ltr'>n.</span> <span class='ocrx_word' id='word_1_226' title='bbox 804 3428 869 3493; x_wconf 76' lang='lat'>427</span> <span class='ocrx_word' id='word_1_227' title='bbox 890 3429 1031 3512; x_wconf 91' lang='lat' dir='ltr'>primum</span> <span class='ocrx_word' id='word_1_228' title='bbox 1049 3427 1186 3493; x_wconf 82' lang='lat' dir='ltr'>Athenis</span> <span class='ocrx_word' id='word_1_229' title='bbox 1205 3429 1239 3493; x_wconf 93' lang='lat' dir='ltr'>in</span> <span class='ocrx_word' id='word_1_230' title='bbox 1257 3428 1422 3513; x_wconf 92' lang='lat' dir='ltr'>publicum</span> 
     </span>
     <span class='ocr_line' id='line_1_29' title="bbox 249 3533 1423 3623; baseline -0.001 -22"><span class='ocrx_word' id='word_1_231' title='bbox 249 3533 447 3623; x_wconf 79' lang='lat' dir='ltr'>prodiisse⁶),</span> <span class='ocrx_word' id='word_1_232' title='bbox 471 3557 535 3620; x_wconf 93' lang='lat' dir='ltr'>quo</span> <span class='ocrx_word' id='word_1_233' title='bbox 558 3539 703 3620; x_wconf 90' lang='lat' dir='ltr'>tempore</span> <span class='ocrx_word' id='word_1_234' title='bbox 720 3535 923 3601; x_wconf 89' lang='lat' dir='ltr'>Herodotum</span> <span class='ocrx_word' id='word_1_235' title='bbox 941 3557 1022 3620; x_wconf 88' lang='lat' dir='ltr'>opus</span> <span class='ocrx_word' id='word_1_236' title='bbox 1045 3557 1140 3601; x_wconf 90' lang='lat' dir='ltr'>suum</span> <span class='ocrx_word' id='word_1_237' title='bbox 1162 3536 1227 3599; x_wconf 92' lang='lat' dir='ltr'>iam</span> <span class='ocrx_word' id='word_1_238' title='bbox 1248 3536 1423 3602; x_wconf 86' lang='lat' dir='ltr'>confecisse</span> 
     </span>
    </p>
   </div>
   <div class='ocr_carea' id='block_1_5' title="bbox 249 3816 1422 4688">
    <p class='ocr_par' dir='ltr' id='par_1_6' title="bbox 249 3816 1422 4422">
     <span class='ocr_line' id='line_1_30' title="bbox 340 3816 1421 3888; baseline 0.002 -18"><span class='ocrx_word' id='word_1_239' title='bbox 340 3821 366 3888; x_wconf 88' lang='lat'>1)</span> <span class='ocrx_word' id='word_1_240' title='bbox 385 3817 419 3871; x_wconf 89' lang='lat' dir='ltr'>of.</span> <span class='ocrx_word' id='word_1_241' title='bbox 435 3817 587 3888; x_wconf 87' lang='lat' dir='ltr'>praecipuo</span> <span class='ocrx_word' id='word_1_242' title='bbox 600 3817 629 3871; x_wconf 93' lang='lat' dir='ltr'>P.</span> <span class='ocrx_word' id='word_1_243' title='bbox 645 3816 755 3884; x_wconf 75' lang='lat' dir='ltr'>Elabar,</span> <span class='ocrx_word' id='word_1_244' title='bbox 776 3817 811 3872; x_wconf 92' lang='lat' dir='ltr'>de</span> <span class='ocrx_word' id='word_1_245' title='bbox 829 3833 932 3888; x_wconf 86' lang='lat' dir='ltr'>genere</span> <span class='ocrx_word' id='word_1_246' title='bbox 948 3816 1062 3872; x_wconf 87' lang='lat' dir='ltr'>dicendi</span> <span class='ocrx_word' id='word_1_247' title='bbox 1074 3816 1233 3872; x_wconf 88' lang='lat' dir='ltr'>Herodoteo</span> <span class='ocrx_word' id='word_1_248' title='bbox 1249 3819 1357 3885; x_wconf 86' lang='lat' dir='ltr'>quaest.</span> <span class='ocrx_word' id='word_1_249' title='bbox 1373 3818 1421 3873; x_wconf 83' lang='lat' dir='ltr'>sel.</span> 
     </span>
     <span class='ocr_line' id='line_1_31' title="bbox 249 3905 1422 3978; baseline 0 -16"><span class='ocrx_word' id='word_1_250' title='bbox 249 3908 413 3978; x_wconf 87' lang='lat' dir='ltr'>Programm</span> <span class='ocrx_word' id='word_1_251' title='bbox 431 3905 603 3977; x_wconf 80' lang='lat' dir='ltr'>deenberg</span> <span class='ocrx_word' id='word_1_252' title='bbox 616 3907 634 3960; x_wconf 93' lang='lat' dir='ltr'>i.</span> <span class='ocrx_word' id='word_1_253' title='bbox 646 3906 718 3961; x_wconf 82' lang='lat' dir='ltr'>Schl.</span> <span class='ocrx_word' id='word_1_254' title='bbox 736 3911 804 3960; x_wconf 86' lang='grc'><strong>1890</strong></span> <span class='ocrx_word' id='word_1_255' title='bbox 823 3925 849 3976; x_wconf 92' lang='lat' dir='ltr'>p.</span> <span class='ocrx_word' id='word_1_256' title='bbox 863 3912 895 3961; x_wconf 82' lang='lat'>19</span> <span class='ocrx_word' id='word_1_257' title='bbox 907 3924 981 3976; x_wconf 79' lang='lat' dir='ltr'>sqq.;</span> <span class='ocrx_word' id='word_1_258' title='bbox 999 3908 1031 3960; x_wconf 90' lang='lat' dir='ltr'>A.</span> <span class='ocrx_word' id='word_1_259' title='bbox 1047 3906 1197 3974; x_wconf 88' lang='lat' dir='ltr'>Nieschke,</span> <span class='ocrx_word' id='word_1_260' title='bbox 1217 3906 1252 3960; x_wconf 91' lang='lat' dir='ltr'>de</span> <span class='ocrx_word' id='word_1_261' title='bbox 1270 3907 1422 3977; x_wconf 88' lang='lat' dir='ltr'>figurarum</span> 
     </span>
     <span class='ocr_line' id='line_1_32' title="bbox 249 3993 1422 4080; baseline 0.001 -30"><span class='ocrx_word' id='word_1_262' title='bbox 249 4013 322 4067; x_wconf 88' lang='lat' dir='ltr'>quae</span> <span class='ocrx_word' id='word_1_263' title='bbox 336 3998 471 4051; x_wconf 87' lang='lat' dir='ltr'>vocantur</span> <span class='ocrx_word' id='word_1_264' title='bbox 484 3996 609 4080; x_wconf 69' lang='grc' dir='ltr'><strong><em>σχήμιιια</em></strong></span> <span class='ocrx_word' id='word_1_265' title='bbox 621 3993 752 4067; x_wconf 76' lang='grc' dir='ltr'><strong><em>Γοργίεια</em></strong></span> <span class='ocrx_word' id='word_1_266' title='bbox 766 3996 843 4066; x_wconf 87' lang='lat' dir='ltr'>apud</span> <span class='ocrx_word' id='word_1_267' title='bbox 857 3995 1031 4050; x_wconf 82' lang='lat' dir='ltr'>Herodotum</span> <span class='ocrx_word' id='word_1_268' title='bbox 1044 4013 1104 4049; x_wconf 85' lang='lat' dir='ltr'>usu.</span> <span class='ocrx_word' id='word_1_269' title='bbox 1124 3996 1287 4066; x_wconf 85' lang='lat' dir='ltr'>Programrn</span> <span class='ocrx_word' id='word_1_270' title='bbox 1298 3996 1422 4051; x_wconf 79' lang='lat' dir='ltr'>Mitnden</span> 
     </span>
     <span class='ocr_line' id='line_1_33' title="bbox 251 4090 1421 4244; baseline 0.001 -16"><span class='ocrx_word' id='word_1_271' title='bbox 251 4091 318 4141; x_wconf 65' lang='lat'>1891</span> <span class='ocrx_word' id='word_1_272' title='bbox 338 4105 365 4244; x_wconf 65' lang='lat' dir='ltr'>G)</span> <span class='ocrx_word' id='word_1_273' title='bbox 378 4090 526 4229; x_wconf 46' lang='lat' dir='ltr'>lIdemlliiuc.</span> <span class='ocrx_word' id='word_1_274' title='bbox 540 4163 723 4244; x_wconf 80' lang='lat' dir='ltr'>Antiphontis</span> <span class='ocrx_word' id='word_1_275' title='bbox 740 4173 877 4244; x_wconf 91' lang='lat' dir='ltr'>discipulo</span> <span class='ocrx_word' id='word_1_276' title='bbox 898 4175 927 4228; x_wconf 84' lang='lat' dir='ltr'>st</span> <span class='ocrx_word' id='word_1_277' title='bbox 940 4173 1055 4230; x_wconf 89' lang='lat' dir='ltr'>Homeri</span> <span class='ocrx_word' id='word_1_278' title='bbox 1073 4173 1222 4230; x_wconf 87' lang='lat' dir='ltr'>imitatore.</span> <span class='ocrx_word' id='word_1_279' title='bbox 1241 4175 1336 4244; x_wconf 87' lang='lat' dir='ltr'>Pregr.</span> <span class='ocrx_word' id='word_1_280' title='bbox 1353 4180 1421 4230; x_wconf 84' lang='lat'>1885</span> 
     </span>
     <span class='ocr_line' id='line_1_34' title="bbox 249 4269 1133 4422; baseline 0.001 -17"><span class='ocrx_word' id='word_1_281' title='bbox 249 4283 275 4334; x_wconf 31' lang='lat' dir='ltr'>p.</span> <span class='ocrx_word' id='word_1_282' title='bbox 291 4269 326 4320; x_wconf 61' lang='lat'>4⁰</span> <span class='ocrx_word' id='word_1_283' title='bbox 336 4280 582 4422; x_wconf 69' lang='lat' dir='ltr'>iiqiorsehungen</span> <span class='ocrx_word' id='word_1_284' title='bbox 600 4369 650 4405; x_wconf 83' lang='lat' dir='ltr'>aur</span> <span class='ocrx_word' id='word_1_285' title='bbox 668 4351 745 4406; x_wconf 89' lang='lat' dir='ltr'>alten</span> <span class='ocrx_word' id='word_1_286' title='bbox 764 4350 933 4407; x_wconf 84' lang='lat' dir='ltr'>Geschichte</span> <span class='ocrx_word' id='word_1_287' title='bbox 950 4352 963 4405; x_wconf 98' lang='grc' dir='ltr'>Ι</span> <span class='ocrx_word' id='word_1_288' title='bbox 980 4371 1007 4422; x_wconf 90' lang='lat' dir='ltr'>p.</span> <span class='ocrx_word' id='word_1_289' title='bbox 1023 4351 1088 4407; x_wconf 70' lang='lat'>201.</span> <span class='ocrx_word' id='word_1_290' title='bbox 1131 4410 1133 4413; x_wconf 70' lang='grc'>,</span> 
     </span>
    </p>

    <p class='ocr_par' dir='ltr' id='par_1_7' title="bbox 339 4439 781 4511">
     <span class='ocr_line' id='line_1_35' title="bbox 339 4439 781 4511; baseline 0.002 -18"><span class='ocrx_word' id='word_1_291' title='bbox 339 4443 366 4510; x_wconf 83' lang='grc'>4)</span> <span class='ocrx_word' id='word_1_292' title='bbox 384 4439 500 4495; x_wconf 81' lang='lat' dir='ltr'>Hamas</span> <span class='ocrx_word' id='word_1_293' title='bbox 519 4446 562 4510; x_wconf 76' lang='lat'>36,</span> <span class='ocrx_word' id='word_1_294' title='bbox 582 4444 659 4508; x_wconf 80' lang='lat'>1901,</span> <span class='ocrx_word' id='word_1_295' title='bbox 678 4459 705 4511; x_wconf 91' lang='lat' dir='ltr'>p.</span> <span class='ocrx_word' id='word_1_296' title='bbox 722 4445 781 4494; x_wconf 81' lang='lat'>233.</span> 
     </span>
    </p>

    <p class='ocr_par' dir='ltr' id='par_1_8' title="bbox 339 4527 988 4614">
     <span class='ocr_line' id='line_1_36' title="bbox 339 4527 988 4614; baseline 0.003 -32"><span class='ocrx_word' id='word_1_297' title='bbox 339 4532 366 4598; x_wconf 80' lang='lat' dir='ltr'>o)</span> <span class='ocrx_word' id='word_1_298' title='bbox 384 4527 426 4584; x_wconf 90' lang='lat' dir='ltr'>De</span> <span class='ocrx_word' id='word_1_299' title='bbox 444 4528 596 4601; x_wconf 73' lang='lat' dir='ltr'>liguarum</span> <span class='ocrx_word' id='word_1_300' title='bbox 615 4528 692 4614; x_wconf 78' lang='lat' dir='ltr'>apud</span> <span class='ocrx_word' id='word_1_301' title='bbox 710 4529 775 4584; x_wconf 90' lang='lat' dir='ltr'>Her.</span> <span class='ocrx_word' id='word_1_302' title='bbox 794 4546 847 4584; x_wconf 89' lang='lat' dir='ltr'>usu</span> <span class='ocrx_word' id='word_1_303' title='bbox 864 4548 892 4600; x_wconf 91' lang='lat' dir='ltr'>p.</span> <span class='ocrx_word' id='word_1_304' title='bbox 905 4534 937 4583; x_wconf 82' lang='lat'>16</span> <span class='ocrx_word' id='word_1_305' title='bbox 948 4546 988 4597; x_wconf 87' lang='lat' dir='ltr'>sq.</span> 
     </span>
    </p>

    <p class='ocr_par' dir='ltr' id='par_1_9' title="bbox 340 4617 688 4688">
     <span class='ocr_line' id='line_1_37' title="bbox 340 4617 688 4688; baseline 0.003 -16"><span class='ocrx_word' id='word_1_306' title='bbox 340 4619 366 4688; x_wconf 87' lang='grc'>6)</span> <span class='ocrx_word' id='word_1_307' title='bbox 384 4617 466 4672; x_wconf 88' lang='lat' dir='ltr'>Diod.</span> <span class='ocrx_word' id='word_1_308' title='bbox 482 4617 566 4672; x_wconf 84' lang='lat' dir='ltr'>Sicul.</span> <span class='ocrx_word' id='word_1_309' title='bbox 581 4618 632 4672; x_wconf 86' lang='lat' dir='ltr'>XII</span> <span class='ocrx_word' id='word_1_310' title='bbox 646 4623 688 4673; x_wconf 78' lang='lat'>63.</span> 
     </span>
    </p>
   </div>
   <div class='ocr_carea' id='block_1_6' title="bbox 0 0 1760 5325">
    <p class='ocr_par' dir='ltr' id='par_1_10' title="bbox 0 0 1760 5325">
     <span class='ocr_line' id='line_1_38' title="bbox 0 0 1760 5325; baseline 0 1"><span class='ocrx_word' id='word_1_311' title='bbox 0 0 1760 5325; x_wconf 95' lang='lat' dir='ltr'> </span> 
     </span>
    </p>
   </div>
  </div>
 </body>
</html>
