3509 5325
751 409 972 472 ..23-

275 588 344 633 csse
375 566 464 633 illico
496 572 642 653 apparet:
677 570 830 652 ‘dulcore
861 568 996 652 αἵματος
1019 572 1125 656 Κῦρε,
1152 568 1257 654 μηδὲν
1284 571 1450 657 ἐπαερθῇς

275 682 319 761 τῷ
343 677 495 757 γεγονότι
520 676 603 761 τῷδε
627 678 804 760 πρήγματι,
828 679 859 740 εί
876 674 1045 763 ἀμπελίνῳ
1064 684 1190 763 καρπῷ,
1208 686 1254 765 τῷ
1272 700 1335 762 περ
1353 676 1448 744 αὐτοὶ

276 780 514 865 ἐμπιπλάμενοι
538 786 698 865 μαίνεσθε
722 782 808 848 οὕτω
832 784 916 848 ὥστε
942 785 1113 859 κατιόντος
1139 792 1199 848 τοῦ
1227 784 1322 850 οἴνου
1351 784 1383 861 ές
1410 787 1448 851 τὸ

275 898 368 972 σῶμα
391 887 609 955 ἐπαναπλέειν
631 889 712 973 ὑμῖν
737 892 815 955 ἔπεα
833 889 917 955 κακά
935 888 999 954 κτέ.
1043 888 1156 974 Neque
1175 891 1257 955 illud
1279 890 1448 979 ἀμπελίνῳ

274 1004 387 1082 καρπῷ
411 996 483 1061 loco
507 995 662 1079 simplicis
686 1002 767 1083 οίνῷ
791 996 946 1081 frigidum
965 995 1183 1079 sophistarum
1202 1018 1304 1081 genus
1322 997 1448 1063 dicendi

273 1101 415 1167 redolere
437 1103 550 1187 negari
572 1106 687 1186 potest.

363 1208 447 1295 ἀνὴρ
472 1212 570 1294 φίλος
594 1208 754 1293 Vnam.
782 1208 867 1294 ἀνὴρ
891 1211 1004 1294 φίλος,
1028 1208 1158 1296 ἐχθρὸς,
1182 1212 1308 1287 δίκαιος
1331 1210 1449 1276 similia

274 1316 309 1379 in
331 1316 475 1380 omnium
499 1338 560 1381 usu
582 1316 681 1381 fuisse
705 1319 838 1381 constat.

362 1434 428 1487 τῶν
452 1423 626 1507 χρημάτων
655 1424 690 1488 oi
710 1424 881 1508 θησαυροί
901 1420 1065 1508 V43,39,
1092 1422 1200 1509 ipsum
1228 1445 1356 1508 quoque
1377 1447 1448 1510 per-

272 1530 448 1614 vulgatum.
495 1530 534 1594 cf.
553 1552 578 1593 e.
599 1551 628 1615 g.
647 1526 814 1615 Aristoph.
834 1527 894 1594 Av.
913 1527 979 1593 599
1003 1532 1080 1607 τοὺς
1102 1534 1296 1616 θησαυροὺς
1320 1544 1447 1597 -τῶν

272 1634 450 1720 ἀργυρίων.

362 1744 437 1820 ὄψις
464 1740 623 1823 ἐνυπνίου
650 1740 863 1829 V55‚56‚62
887 1741 1025 1807 VHI54
1048 1742 1111 1809 VH
1127 1742 1240 1826 18,47.
1286 1742 1447 1811 ἐνυπνίου

272 1846 358 1912 haud
380 1846 495 1912 inutile
519 1851 576 1931 est,
601 1847 686 1932 quod
706 1850 780 1926 ὄψις
799 1848 911 1913 crebro
931 1848 1091 1933 significat
1109 1849 1223 1933 visum,
1245 1870 1312 1915 non
1330 1850 1448 1915 somnii

271 1953 385 2017 visum.
432 1955 472 2018 cf.
495 1952 649 2039 Aeschyli
672 1953 777 2019 Prom.
797 1954 863 2019 644
887 1956 979 2031 ὄψεις
1003 1956 1149 2039 ἔννυχοι,
1173 1953 1261 2041 Sept.
1280 1956 1344 2021 693
1373 1955 1447 2022 ἐνυ-

233 2131 235 2134 ,
270 2062 378 2124 πνίυν
402 2060 645 2142 φαντασμάτων
668 2062 775 2144 ὄψεις,
802 2060 888 2126 Pers.
909 2059 975 2125 516
1002 2056 1028 2125 ὦ
1056 2064 1175 2137 νυκτὸς
1198 2064 1274 2139 ὄψις
1296 2060 1448 2147 ἐμφανὴς

271 2165 453 2250 ἐνυπνίων,
484 2165 649 2251 Euripidis
682 2166 760 2233 Hec.
781 2168 823 2231 72
853 2171 996 2252 ἔννυχον
1028 2169 1123 2250 ὄψιν,
1154 2168 1256 2253 ipsius
1288 2168 1446 2234 Herodoti

270 2274 290 2337 l.
309 2271 416 2338 11130
439 2276 515 2352 ὄψις
538 2273 574 2339 έν
597 2282 640 2357 τῷ
667 2274 761 2362 ὄπνῷ
784 2273 848 2340 VH
864 2274 906 2339 15
930 2276 1006 2352 ὄψις
1028 2284 1088 2340 τοῦ
1111 2274 1254 2360 ὀνείρου.

359 2389 416 2465 τῆς
439 2378 597 2466 σφετέρης
621 2382 729 2465 χώρης
752 2378 784 2457 ἐς
807 2383 868 2465 τὴν
887 2383 1068 2465 μεσόγαιαν
1087 2380 1119 2444 V
1133 2381 1185 2465 83,
1195 2383 1226 2466 9,
1250 2404 1330 2465 quac
1348 2382 1446 2447 verba

270 2507 472 2571 nequaquam
510 2486 687 2572 abundant,
725 2487 800 2571 quia
836 2490 995 2571 μεσόγαια
1033 2488 1172 2552 declarat
1205 2488 1446 2573 mediterranea,

270 2595 358 2678 χώρη
382 2596 490 2657 autem
513 2595 650 2678 petriam
673 2590 914 2680 Aeginensium.

361 2699 449 2777 Quae
473 2701 621 2785 apposita
643 2705 770 2785 praeter
793 2723 894 2766 unum
917 2702 998 2767 illud
1017 2701 1185 2791 ἀμπελίνῳ
1204 2712 1317 2789 καρπῷ
1338 2705 1445 2768 omnia

271 2830 344 2872 cum
368 2808 585 2891 sophistarum
609 2807 805 2872 abundantia
827 2809 981 2891 loquendi
1000 2809 1132 2874 minime
1153 2830 1247 2893 posse
1266 2809 1445 2892 comparari

269 2912 341 2980 lucc
365 2914 480 2979 clarius
504 2915 585 2979 mihi
604 2935 672 2980 csse
691 2914 825 2979 videtur.
870 2915 1034 3000 Epulas,
1058 2937 1139 3000 quae
1161 2916 1285 2980 nomini
1303 2917 1351 2980 nil
1367 2917 1445 2981 novi

269 3021 412 3086 adiciunt
440 3025 536 3105 atquc
562 3043 628 3084 non
660 3022 780 3105 scripta
812 3025 887 3086 sunt
918 3021 982 3085 nisi
1013 3025 1050 3085 ut
1083 3022 1186 3086 oratio
1218 3023 1378 3107 tumefiat,
1410 3024 1445 3088 in

269 3125 427 3192 Herodoti
448 3127 541 3192 libris
565 3128 696 3192 omnino
719 3128 786 3192 fere
808 3149 875 3192 non
898 3128 1078 3192 invenimus
1106 3128 1151 3191 eis
1179 3128 1334 3213 exceptis,
1363 3151 1445 3212 quae

270 3234 429 3298 cotidiana
450 3235 550 3300 fuisse
577 3234 662 3319 apud
685 3232 823 3300 Graecos
851 3234 1064 3298 demonstrari
1091 3235 1206 3318 potuit.
1251 3232 1312 3298 Illa
1335 3235 1445 3319 sophi-

270 3344 391 3406 starum
433 3341 590 3425 cupiditas
628 3340 787 3426 simplicia
823 3341 998 3426 cademque
1033 3342 1152 3406 us‘tate
1188 3342 1285 3405 verba
1320 3341 1444 3408 vitandi

269 3451 365 3530 atque
387 3470 471 3512 nova
499 3451 531 3511 et
558 3447 702 3512 inaudita
729 3449 826 3513 verba
853 3447 1015 3513 formandi
1041 3470 1173 3532 prorsus
1200 3448 1304 3513 cliens
1331 3453 1379 3513 est
1401 3450 1442 3515 ab

268 3553 453 3619 Herodctea
477 3555 625 3620 dictione.
671 3553 720 3618 De
742 3577 821 3620 voce
845 3553 1022 3639 ἀμπέλινος
1042 3558 1166 3642 καρπός
1184 3555 1269 3620 infra
1287 3579 1350 3621 une
1369 3578 1443 3622 cum

267 3661 487 3744 translatione,
506 3682 601 3744 quam
620 3659 705 3726 idem
720 3663 921 3726 enuntiatum
935 3661 1042 3746 hebet,
1056 3662 1173 3726 iterum
1186 3663 1284 3727 verba
1297 3663 1443 3729 faciende

269 3771 370 3832 erunt.

303 3943 339 4032 b)
363 3945 417 4011 Dc
440 3945 704 4031 grammaticis
729 3946 940 4032 categoriis
963 3946 1065 4012 inter
1088 3968 1125 4012 se
1148 3949 1404 4014 commutatis.

356 4086 505 4153 Alterum
529 4109 656 4172 quoque
683 4088 906 4173 appositorum
934 4111 1035 4175 genus
1063 4089 1229 4178 proprium
1258 4094 1306 4156 est
1335 4090 1442 4176 sophi-

268 4197 390 4258 starum
413 4193 618 4280 elocutionis,
642 4195 728 4278 quod
752 4217 947 4280 quamquam
974 4195 1051 4260 solis
1079 4197 1113 4260 in
1137 4193 1274 4283 Gorgiae
1296 4198 1440 4282 reliquiis

267 4304 300 4365 et
322 4300 517 4386 Protagorae
540 4302 625 4386 apud
646 4300 814 4367 Platonem
840 4303 985 4368 oratione
1008 4303 1090 4367 mihi
1112 4303 1308 4388 occurrebat,
1330 4307 1439 4368 tamen

267 4407 425 4493 insignior
443 4411 491 4472 cst
510 4408 704 4492 sophisticae
723 4408 873 4473 dictionis
892 4414 979 4493 nota,
1002 4431 1097 4493 quem
1121 4414 1159 4474 ut
1181 4410 1332 4474 hocloco
1351 4432 1442 4494 prae·

267 4514 470 4578 termittatur.
525 4513 615 4580 Solet
646 4515 732 4582 enim
760 4513 896 4601 Gorgias
929 4517 1152 4605 grammaticas
1184 4521 1221 4582 ut
1257 4517 1303 4582 ite
1334 4516 1439 4583 dicem
