3509 5325
815 456 1035 527 ..34-

343 618 429 707 quod
452 619 636 688 dubitanter
655 620 690 687 in
707 620 973 687 translationibus
995 643 1138 687 numero.
1171 618 1284 687 Solent
1302 620 1389 687 onim
1407 618 1514 706 sophi-

343 734 410 795 stas
437 750 487 793 ros
511 728 669 795 inanima·
693 733 725 794 st
748 728 955 815 imaginarias
977 728 1119 793 humana
1141 728 1234 813 quasi
1256 729 1363 812 spaoia
1385 727 1515 793 induero

341 839 437 920 atquo
459 837 609 902 notiones
632 835 838 921 potissimum
862 840 1027 901 sevocatus
1051 857 1070 899 a
1092 834 1239 899 sensibus
1257 834 1389 918 solaque
1408 839 1515 900 ments

341 942 560 1027 percipiendas
597 943 632 1008 in
669 963 796 1007 soonam
834 940 1010 1025 producere
1041 942 1211 1006 hominum
1243 942 1345 1007 instar
1375 945 1514 1028 agentes.

340 1046 390 1113 Ao
422 1049 563 1134 primum
596 1048 726 1133 quidam
758 1047 906 1131 exempla
932 1070 951 1113 s
977 1048 1196 1132 sophistarum
1225 1048 1354 1133 scriptis
1382 1047 1516 1113 oolloota

344 1157 559 1224 enumeranda
582 1159 669 1221 sunt:

429 1261 673 1349 Protagoras.
707 1263 728 1344 ή
743 1263 963 1347 δημιουργική
977 1260 1075 1348 τέχνη
1089 1262 1203 1339 αὐτοῖς
1215 1264 1298 1348 πρὸς
1311 1258 1373 1346 μὲν
1386 1263 1515 1348 τροφήν

344 1370 439 1454 ίκανή
464 1372 590 1454 βοηθὸς
612 1364 654 1452 ήν
677 1369 780 1435 Plato.
803 1368 892 1455 Prot.
914 1392 945 1454 p.
965 1369 1072 1435 32213.

431 1480 573 1541 κτείνειν
597 1476 641 1553 ώς
664 1479 766 1542 νόσον
788 1479 915 1553 πόλεως
937 1499 967 1560 p.
988 1474 1097 1541 3221).

430 1580 603 1667 Hippias.
655 1583 673 1649 ὁ
712 1580 748 1647 δέ
784 1586 897 1667 νόμος,
932 1585 1096 1670 τύραννος
1132 1583 1180 1648 ὢν
1216 1594 1284 1648 τῶν
1313 1582 1516 1667 ἀνθρώπων,

343 1688 450 1755 πολλὰ
473 1690 561 1773 παρὰ
583 1690 644 1771 τήν
667 1690 772 1773 φύσιν
795 1689 939 1773 βιάζεται
962 1689 1045 1754 Plat.
1068 1688 1156 1754 Prot.
1180 1713 1210 1774 p.
1229 1688 1339 1755 3371).

432 1793 642 1877 Antiphon.
687 1803 767 1859 πᾶσι
794 1796 858 1879 γάρ
888 1793 1081 1879 ἀνθρώποις
1102 1795 1123 1879 ή
1147 1798 1261 1879 γνώμη
1285 1805 1345 1862 τοῦ
1369 1797 1517 1880 σώματος

343 1900 469 1984 ήγεῑται
492 1900 547 1965 καὶ
570 1902 616 1977 είς
639 1900 768 1983 ὑγίειαν
791 1899 845 1965 καὶ
868 1904 971 1967 νόσον
994 1898 1050 1967 καὶ
1071 1904 1120 1979 είς
1141 1902 1182 1966 τά
1203 1903 1288 1967 ἀλλα
1311 1902 1427 1967 πάντα.
1456 1902 1517 1988 frg.

346 2006 532 2072 2D.81B1.
557 2002 778 2092 (Ἀφροδίτης’
801 2006 875 2071 ἀντὶ
897 2017 959 2074 τοῦ
981 2007 1189 2093 ἀφροδισίων
1211 2009 1272 2095 frg.
1294 2006 1383 2073 171).
1401 2008 1443 2072 88
1453 2005 1517 2094 BL)

436 2111 607 2199 Gorgias.
654 2114 671 2177 ὁ
699 2117 806 2189 πόθος
829 2114 870 2179 οὐ
893 2112 1138 2197 συναπέθανεν,
1167 2113 1239 2180 ἀλλ’
1266 2114 1434 2192 ἀθάνατος
1457 2114 1518 2179 οὐκ

346 2221 383 2286 ἐν
406 2220 588 2297 ἀθανάτοις
611 2221 739 2303 σώμασι
763 2223 799 2304 ζῇ
823 2220 863 2285 οὐ
889 2222 1020 2299 ζώντων
1042 2221 1102 2307 frg.
1122 2221 1192 2286 61).
1211 2220 1274 2286 55.

433 2327 528 2411 τύχης
564 2327 750 2410 βουλήμασι
783 2364 825 2372 -
862 2324 916 2390 καὶ
953 2313 1099 2410 ἀνάγκης
1134 2331 1343 2413 ψηφίσμασιν
1381 2325 1519 2412 ἔπραξεν

345 2431 417 2496 Hal.
436 2431 466 2497 6.

435 2540 533 2622 λόγος
556 2538 721 2624 δυνάστης
743 2538 844 2625 μέγας
867 2540 958 2606 ἐστίν
980 2539 1052 2605 Hal.
1072 2540 1101 2605 8.
1143 2540 1183 2605 of.
1203 2543 1301 2624 λόγος
1324 2541 1387 2624 γάρ
1408 2540 1519 2624 ψυχήν

347 2645 364 2712 ὁ
392 2648 507 2723 πείσας
534 2643 682 2732 Ηο1.12,
712 2638 759 2723 είς
792 2649 890 2730 λόγος
918 2650 1027 2713 πολὺν
1058 2649 1158 2733 ὄχλον
1187 2649 1301 2733 ἔτερψε
1328 2645 1383 2712 καὶ
1412 2649 1518 2712 ἔπεισε

346 2751 418 2817 Hel.
439 2753 490 2837 13,
517 2753 537 2836 ή
566 2777 600 2818 τε
628 2763 689 2819 τοῦ
717 2757 820 2836 λόγου
848 2755 989 2838 δύναμις
1016 2757 1099 2839 πρὸς
1126 2756 1186 2838 τήν
1214 2764 1271 2839 τής
1298 2763 1405 2839 ψυχῆς
1427 2752 1520 2832 τάξιν

346 2858 418 2924 Hel.
440 2860 489 2926 14.

435 2971 535 3052 φρίκη
564 2970 745 3052 περίφοβος
772 2965 827 3032 καὶ
855 2970 946 3047 ἔλεος
973 2969 1184 3053 πολύδακρυς
1211 2967 1264 3034 καὶ
1291 2971 1398 3044 πόθος
1423 2971 1517 3052 φιλο-

349 3077 476 3158 πενθής
498 3072 570 3138 Hal.
590 3073 619 3137 9.

436 3182 473 3245 αί
498 3182 561 3265 γάρ
587 3183 700 3246 ἔνθεοι
725 3182 781 3244 διά
805 3184 915 3263 λόγων
938 3181 1062 3270 ἐπῳδαὶ
1086 3180 1252 3264 ἐπαγωγολ
1274 3179 1409 3266 ἡδονῆς,
1437 3180 1518 3245 ἀπα-

348 3284 452 3368 γωγαὶ
476 3288 581 3368 λύπης
604 3290 775 3370 γίγνονται
799 3285 869 3349 Hel.
892 3286 941 3350 10.

437 3392 564 3469 εὐθέως
590 3391 610 3475 ή
635 3394 712 3469 όψις
735 3390 901 3477 ἐταράχθη
924 3390 979 3456 καὶ
1003 3389 1135 3476 ἐτάραξε
1159 3394 1219 3476 τήν
1241 3396 1354 3478 ψυχήν
1376 3393 1448 3458 Hel.
1469 3393 1520 3458 16.

348 3499 386 3562 of.
411 3497 516 3574 ούτως
539 3499 670 3573 εἰκόνας
691 3509 758 3562 τῶν
781 3497 959 3581 δρωμένων
982 3499 1182 3582 πραγμάτων
1204 3499 1225 3582 ή
1245 3501 1320 3577 όψις
1339 3498 1520 3586 ἐνέγραψεν

348 3603 384 3669 ἐν
407 3613 452 3692 τῷ
476 3605 664 3688 φρονήματι
688 3601 760 3666 Hei
781 3603 830 3666 17.

436 3708 457 3792 ἡ
486 3710 549 3793 γάρ
577 3708 718 3792 ἀλήθεια
746 3716 806 3773 τοῦ
833 3710 940 3790 νόμου
968 3710 1023 3773 διὰ
1050 3712 1109 3775 τὸν
1137 3714 1245 3795 φόβον
1277 3710 1439 3801 ἐξφκίσθη
1462 3715 1520 3778 τὸν

350 3815 414 3880 ἀπὸ
437 3823 495 3898 της
518 3816 625 3891 ὄψεως
647 3811 718 3877 Hel.
741 3811 790 3876 16.
814 3857 816 3862 -

438 3919 543 3996 οὕτως
566 3956 608 3965 -
633 3918 790 4000 ἐξήλασεν
814 3918 831 3984 ὁ
854 3922 959 4004 φόβος
981 3922 1019 3985 τὸ
1043 3925 1150 4005 νόημα
1168 3921 1240 3987 Hal.
1257 3921 1307 3985 17.

438 4025 537 4109 τύχης
570 4023 784 4108 ἀγρεύμασιν,
818 4025 858 4090 οὐ
889 4028 1022 4110 γνώμης
1052 4028 1288 4111 βουλεύμασιν,
1318 4025 1372 4091 καὶ
1400 4029 1521 4108 ἔρωτος

350 4129 518 4211 ἀνάγκαις,
542 4129 582 4194 οὐ
606 4128 720 4215 τέχνης
743 4145 973 4216 παρασκευαῖς.
1009 4132 1080 4198 Hel.
1102 4131 1151 4197 19.

438 4234 587 4300 θάνατον
624 4233 686 4320 μὲν
722 4241 785 4323 γάρ
821 4239 842 4323 ή
879 4240 980 4324 φύσις
1015 4248 1143 4328 φανερᾷ
1180 4248 1219 4325 τη
1251 4231 1353 4326 ψήφῳ
1386 4235 1520 4301 πάντων

350 4343 595 4424 κατεψηφίσατο
620 4355 685 4409 τῶν
708 4351 845 4429 θνητῶν
867 4344 934 4410 Pal.
955 4346 983 4410 1.

439 4447 522 4512 ἀλλά
545 4473 583 4532 γε
605 4453 642 4516 τὸ
665 4463 736 4537 φώς
758 4458 897 4536 πολεμεῖ
916 4464 985 4529 τοῖς
1007 4453 1171 4530 τοιούτοις
1192 4452 1259 4518 Pal.
1281 4452 1331 4517 10.

438 4555 588 4640 μάρτυρα
610 4561 728 4624 πιστὸν
750 4559 931 4645 παρέξομαι
954 4561 1014 4625 τὸν
1032 4562 1274 4645 παροιχόμενον
1292 4564 1370 4644 βίον
1388 4557 1455 4623 Pal.
1472 4556 1522 4622 15.
