3509 5325
824 460 1046 529 ..30-

346 620 551 708 potissimum
570 627 602 687 et
621 622 867 708 simplicissimis
887 646 964 688 usus
982 627 1040 688 est.
1086 622 1229 699 Quorum
1248 623 1400 709 pleraque
1418 622 1520 690 notio-

346 752 435 814 nem,
462 752 543 814 quoe
571 752 590 794 a
617 731 847 795 consuetudine
876 730 1045 796 oculorum
1073 730 1210 796 abducta
1237 732 1306 796 sole
1336 736 1442 796 mente
1475 736 1522 796 est

347 837 565 921 percipienda,
593 836 652 901 sub
682 837 793 901 oculos
820 838 985 903 subiciunt
1012 837 1199 921 aspectabili
1227 839 1319 922 quasi
1348 840 1454 922 specie
1476 839 1522 901 in-

347 944 465 1008 dutam.
512 942 614 1019 Quam
637 943 858 1008 translationis
882 942 1018 1008 formam
1038 945 1103 1009 iam
1122 944 1156 1007 in
1175 942 1309 1008 Homeri
1328 945 1521 1009 carminibus

347 1050 425 1114 satis
452 1070 521 1115 esse
548 1051 701 1114 usitatam
733 1050 818 1114 inter
845 1072 956 1115 omnes
984 1054 1113 1115 constat
1140 1054 1237 1133 atque
1263 1048 1458 1116 Aristoteles
1488 1051 1523 1115 in

348 1160 406 1221 aa.
430 1156 511 1221 rhet.
530 1153 579 1220 HI
596 1156 637 1220 10
656 1156 772 1220 diserte
790 1178 862 1222 eam
880 1158 1004 1222 laudat:
1027 1158 1066 1223 cf.
1085 1180 1115 1241 p.
1136 1156 1252 1221 1410b
1272 1157 1316 1221 34
1335 1161 1382 1223 ἔτι
1405 1161 1437 1221 εἰ
1457 1162 1521 1239 πρὸ

348 1264 504 1348 ὀμμάτων
521 1275 622 1329 ποιεῖ·
646 1264 729 1349 ὁρᾶν
748 1266 810 1350 γάρ
830 1266 884 1329 δεῖ
901 1265 940 1329 τὰ
953 1269 1160 1349 πραττόμενα
1175 1270 1302 1348 μᾶλλον
1316 1264 1337 1347 ἣ
1352 1261 1520 1346 μέλλοντα.

347 1393 377 1455 p.
400 1369 516 1434 1411h
535 1369 578 1433 22
603 1369 653 1435 ότι
680 1366 742 1453 μέν
765 1365 828 1436 οὖν
851 1372 891 1435 τὰ
914 1371 1027 1436 άστεῑα
1050 1370 1086 1435 ἐκ
1106 1379 1294 1455 μεταφορᾶς
1315 1395 1349 1435 τε
1368 1380 1426 1454 τῆς
1443 1368 1521 1434 ἀνά-

347 1482 448 1559 λογον
480 1474 608 1557 λέγεται
638 1475 693 1541 καὶ
721 1486 765 1562 τῷ
796 1479 859 1559 πρὸ
893 1477 1049 1560 ὀμμάτων
1079 1489 1205 1560 ποιεῖν,
1237 1484 1371 1561 ελρηται.
1422 1475 1521 1541 (iuius

347 1583 472 1670 generis
496 1582 642 1665 exempla
664 1581 847 1647 Herodotea
870 1584 1026 1648 nonnulla
1047 1582 1177 1648 laudare
1200 1584 1278 1648 setis
1302 1586 1363 1648 est:

435 1700 521 1755 rotor
540 1692 668 1754 τούτων
686 1688 751 1754 αἰεὶ
771 1688 937 1771 ἐκγόνοισι
956 1690 1114 1773 ἐνέσκηψε
1128 1690 1147 1754 δ
1161 1694 1241 1767 θεὸς
1254 1693 1383 1774 θήλεαν
1395 1698 1521 1756 νοῦσον

346 1794 521 1879 Ι105,14,
553 1817 635 1879 quae
666 1796 763 1861 verba
794 1796 957 1880 praedicat
989 1802 1102 1862 auctor
1136 1796 1212 1862 libri
1243 1795 1317 1881 περὶ
1348 1796 1457 1875 ύύους
1488 1796 1523 1859 iu

347 1925 415 1987 cap.
435 1902 487 1986 28,
497 1903 525 1966 4.
550 1902 589 1966 of.
613 1902 734 1967 Tiberii
757 1901 832 1986 περὶ
856 1905 1031 1989 σχημάτων
1055 1925 1122 1988 cap.
1141 1903 1191 1969 35.

436 2009 454 2075 ὁ
481 2012 590 2091 Κῦρος
611 2012 827 2094 παρεγύμνου
849 2012 909 2077 τὸν
931 2012 1039 2076 πάντα
1061 2015 1163 2094 λόγον
1185 2010 1351 2095 Ι126,18.

437 2117 474 2181 τὸ
498 2118 656 2200 δεύτερον
679 2120 750 2201 ἔαρ*
760 2114 929 2201 ὑπέλαμπε
952 2116 1057 2202 Ι190,
1071 2118 1101 2182 2.
1144 2116 1183 2182 cf.
1207 2121 1303 2202 ἔαρος
1325 2112 1362 2181 δὲ
1386 2115 1520 2200 ἐπιλάμ-

346 2234 472 2302 ναντος
495 2212 702 2307 Vffl‘130,4.

437 2327 488 2393 ἐπὶ
517 2334 640 2414 γήραος
666 2331 758 2418 οὐδῷ
784 2328 962 2415 ffl14,43.
994 2331 1033 2396 cf.
1056 2328 1169 2417 Odyss.
1189 2356 1207 2397 ο
1226 2331 1292 2396 246
1319 2348 1357 2395 ac
1385 2329 1521 2414 saepius.

435 2436 456 2519 ἡ
479 2439 595 2520 νεότης
618 2436 745 2515 ἐπέζεσε
768 2436 832 2502 VII
848 2438 899 2522 13,
909 2438 939 2503 9.
1164 2458 1168 2463 ’

437 2544 472 2608 οἱ
501 2541 576 2627 περὶ
606 2548 782 2627 Σαλαμῖνα
815 2549 906 2610 ἔπεσι
939 2545 1233 2631 ἀκροβολισάμενοι
1264 2543 1344 2610 VIII
1358 2544 1450 2629 64,1.
1482 2545 1521 2609 cf.

348 2648 498 2734 ὠθισμὸς
521 2652 629 2732 λόγων
653 2648 733 2716 VIII
749 2650 800 2735 78,
818 2650 865 2716 IX
878 2650 971 2736 26,1.

437 2756 633 2822 Audaciores
660 2762 768 2821 autem
795 2763 828 2822 et
856 2759 1022 2823 arcessitae
1049 2759 1275 2825 translationes
1303 2760 1338 2824 in
1364 2757 1522 2824 Herodoti

348 2863 440 2927 libris
463 2885 528 2928 non
551 2865 679 2948 repperi
702 2864 765 2928 nisi
788 2865 860 2929 has:

438 2969 474 3036 ἐν
498 2971 599 3057 σκέπη
627 2981 687 3037 τοῦ
711 2974 822 3056 φόβου
844 2971 994 3057 1143‚1:
1022 2973 1150 3038 τούτων
1174 2974 1216 3056 δὴ
1240 2968 1287 3037 ὧν
1310 2984 1377 3038 τῶν
1400 2971 1522 3038 Ἰώνων

347 3079 383 3143 οἱ
412 3081 575 3162 Μιλήσιοι
607 3075 668 3162 μὲν
700 3074 784 3162 ἦσαν
812 3077 849 3144 ἐν
877 3079 980 3165 σκέπη
1007 3091 1069 3144 τοῦ
1095 3083 1215 3163 φόβου.
1252 3080 1291 3143 cf.
1315 3077 1378 3143 VH
1395 3080 1522 3164 172,10

347 3185 403 3249 ἵνα
419 3189 583 3267 Θεσσαλίη
602 3207 636 3249 τε
655 3184 710 3249 καὶ
728 3185 749 3266 ἡ
768 3187 924 3268 σύμπασα
942 3178 1093 3269 ᾗἙλλάς
1112 3188 1149 3248 ἐν
1168 3184 1270 3269 σκέπη
1288 3195 1348 3249 τοῦ
1366 3186 1522 3270 πολέμου.

347 3288 455 3354 Verba
469 3290 705 3355 Thessalorum.
743 3289 805 3354 VII
820 3289 924 3374 arao
944 3291 997 3353 ὅτε
1016 3292 1052 3353 οἱ
1070 3289 1200 3364 Φωκέες
1218 3288 1404 3371 φράξαντες
1422 3297 1524 3376 τείχει·

347 3397 408 3479 τὴν
432 3396 573 3478 ἐσβολὴν
595 3391 681 3478 ἦσαν
705 3397 740 3460 ἐν
765 3395 866 3479 σκέπη
889 3404 950 3458 τοῦ
968 3393 1123 3477 πολέμου.
1170 3394 1259 3471 Quae
1277 3397 1417 3462 elocutio
1437 3398 1521 3482 apud

346 3500 440 3565 Iones
473 3505 558 3564 certe
589 3502 668 3564 trita
700 3504 781 3583 erat,
813 3501 852 3564 cf.
880 3499 1088 3584 Hippocratis
1125 3500 1227 3586 σκέπη
1260 3513 1320 3569 τοῦ
1352 3510 1453 3571 νότου
1490 3509 1523 3569 et

348 3605 508 3691 Odysseae
532 3630 546 3671 ε
566 3606 631 3670 443
655 3606 709 3670 καὶ
733 3611 785 3670 ἐπι
809 3606 930 3682 σκέπας
952 3603 995 3690 ἦν
1018 3607 1167 3692 ἀνέμοιο,
1191 3610 1298 3688 ζ210.

437 3709 611 3799 (ποταμός)
632 3712 833 3794 ἐξερεύγεται
854 3711 870 3776 Ι
889 3713 1025 3799 20218.
1073 3714 1165 3791 Quod
1188 3719 1323 3783 verbum
1346 3718 1380 3782 in
1398 3718 1521 3802 Hippo-

349 3819 444 3885 cratis
477 3817 604 3902 scriptis
636 3818 798 3903 significat
829 3842 992 3904 exspuere.
1037 3820 1083 3887 At
1110 3846 1180 3888 eam
1212 3825 1392 3908 notionem,
1424 3847 1521 3907 quam

347 3924 533 3989 Herodotus
561 3924 632 3987 voci
662 3923 794 4010 subicit,
820 3948 888 3991 non
910 3929 1088 3993 inauditam
1115 3929 1214 3993 fuisse
1241 3931 1312 4013 ipsa
1338 3929 1521 3993 Herodotea

348 4030 445 4095 verba
473 4031 691 4095 demonstrare
718 4032 880 4119 videntur,
913 4058 994 4120 quae
1021 4037 1184 4119 poeticum
1217 4037 1356 4098 colorem
1388 4033 1520 4095 minime

315 4158 318 4164 “
347 4136 480 4201 habent:
508 4136 525 4200 ὁ
555 4134 591 4200 δὲ
621 4136 753 4222 Ἀράξης
781 4146 926 4226 ποταμὸς
954 4142 1020 4227 ῥέει
1048 4139 1109 4223 μὲν
1138 4141 1173 4204 ἐκ
1205 4144 1404 4220 Ματιηνῶν,
1436 4137 1519 4200 ὅθεν

347 4267 409 4325 περ
433 4244 451 4308 ὁ
476 4243 607 4326 Γύνδης
630 4247 687 4309 τὸν
712 4245 745 4321 ἐς
766 4248 824 4324 τὰς
847 4251 1011 4332 διώρυχας
1034 4247 1091 4320 τὰς
1114 4242 1270 4326 ἐξήκοντά
1292 4264 1327 4305 τε
1353 4241 1407 4306 καλ
1429 4264 1519 4324 τριη-

348 4353 462 4426 κοσίας
486 4349 617 4433 διέλαβε
641 4351 658 4414 ὁ
684 4355 805 4437 Κῦρος,
829 4356 967 4434 στόμασι
992 4348 1028 4414 δὲ
1053 4349 1253 4433 ἐξερεύγεται
1281 4348 1519 4434 τεσσεράκοντα

348 4453 411 4520 κτὲ.
447 4455 537 4520 Idem
551 4461 688 4522 testatur
705 4458 775 4542 ipse
792 4456 927 4520 Aristot.
945 4452 1021 4537 περὶ
1039 4457 1079 4520 τδι
1098 4457 1162 4541 ζῷα
1181 4455 1242 4518 lor.
1265 4462 1291 4518 θ
1309 4454 1353 4520 20
1371 4478 1402 4540 p.
1416 4455 1520 4540 603a,

350 4563 392 4628 13
415 4567 447 4627 et
470 4562 568 4629 schol.
592 4564 633 4630 ad
655 4563 761 4648 Apoll.
781 4561 886 4626 Rhod.
904 4559 953 4626 ΙΠ
969 4561 1063 4626 1220.
