3509 5325
717 486 940 557 ...49..

242 652 411 739 possimus.
451 643 663 738 Ac'primum
688 654 817 738 quidem
841 652 950 719 omnia
972 674 1053 735 quae
1076 655 1231 717 vocantur
1254 648 1416 715 schemata

241 763 277 826 in
300 761 424 847 exiguis
449 758 586 846 Gorgiae
609 762 754 845 reliquiis
778 760 980 843 creberrima,
1003 760 1037 823 in
1060 780 1176 823 novem
1198 758 1291 823 libris
1314 755 1415 822 Hero-

242 867 344 932 doteis
377 867 454 933 satis
486 890 557 931 rara
591 890 658 932 esse
690 868 776 931 haud
807 868 977 953 quisquam
1009 866 1188 951 negaverit,
1220 886 1415 949 quamquam

241 977 335 1060 plane
358 978 480 1039 certum
503 975 566 1040 hoc
589 978 814 1061 argumentum
837 996 905 1038 non
928 995 996 1037 esse
1018 973 1224 1056 perspicuum
1247 974 1320 1037 est'
1341 971 1414 1035 Duo

241 1086 346 1146 eutem
371 1082 502 1166 propria
525 1104 593 1147 esse
616 1082 697 1145 mihi
720 1081 870 1145 videntur
894 1078 1030 1166 Gorgiae
1054 1078 1300 1144 contrariorum:

333 1185 366 1275 1)
394 1188 571 1253 Homerum
600 1188 766 1253 antithetis
797 1210 892 1251 usum
920 1209 989 1251 esse
1015 1186 1170 1269 vidimus,
1201 1185 1319 1268 quibus
1346 1185 1416 1248 uni-

242 1316 367 1360 versam
403 1294 569 1360 notionem
606 1296 641 1359 in
677 1295 755 1360 duas
789 1295 965 1359 contrarias
998 1298 1105 1377 partes
1139 1292 1249 1355 divisit
1279 1296 1317 1354 ut
1348 1313 1415 1354 rem

242 1402 425 1466 distinctius
458 1401 658 1467 describeret.
714 1399 811 1466 Gaius
849 1401 975 1485 generis
1010 1400 1095 1484 apud
1128 1396 1280 1484 Gorgiam
1315 1420 1416 1462 unum

243 1508 337 1573 modo
367 1510 550 1593 exemplum
579 1508 701 1573 inveni:
733 1507 800 1572 Pal.
822 1509 863 1571 12
897 1504 968 1572 ἀλλ’
1000 1508 1062 1571 οὐκ
1094 1505 1175 1589 ἐμὸν
1207 1505 1326 1581 ταύτας
1358 1501 1415 1592 (sc.

241 1613 360 1703 πύλας)
385 1616 460 1680 οὔτε
479 1612 593 1701 κλῄειν
612 1614 682 1681 οὔτ’
700 1614 859 1697 ἀνοίγειν,
884 1611 954 1679 ἀλλ’
973 1614 1131 1697 ἡγεμόνες
1149 1614 1259 1698 κύριοι
1280 1612 1416 1677 τούτων.

242 1721 361 1787 Gontra
384 1722 462 1786 satis
486 1724 595 1787 crebra
619 1727 694 1787 sunt
716 1721 889 1804 antitheta,
914 1741 1051 1804 quorum
1075 1718 1146 1784 edla
1167 1741 1234 1784 non
1257 1718 1296 1782 ad
1319 1739 1416 1782 unam

243 1831 406 1894 notionem
430 1829 620 1912 referuntur,
644 1827 700 1891 sed
719 1848 855 1910 quorum
880 1828 1017 1890 alterum
1037 1826 1133 1890 colon
1150 1825 1316 1888 notionem
1335 1844 1416 1906 quae

243 1936 418 2019 requiritur
441 1935 615 2020 significat,
643 1936 779 1998 atterum
807 1934 947 2018 scriptor
974 1932 1135 2015 adiunxit,
1161 1934 1198 1994 ut
1221 1930 1417 1996 contrarium

243 2043 416 2108 exsisteret.
462 2039 609 2106 Alterum
638 2040 740 2129 igitur
768 2041 863 2105 colon
887 2039 983 2123 plane
1010 2059 1281 2123 supervacaneum
1308 2040 1357 2101 est
1384 2040 1417 2101 et

243 2146 402 2237 inutile¹):

331 2252 424 2321 οὗτοι
447 2256 510 2340 γὰρ
535 2253 706 2338 ἐκέκτηντο
732 2256 851 2319 ἔνθεον
875 2249 937 2337 μὲν
960 2254 1021 2337 τὴν
1044 2252 1176 2335 ἀρετήν,
1200 2250 1416 2334 ἀνθρώπινον

244 2359 280 2427 δέ
306 2364 343 2426 τὸ
373 2364 500 2443 θνητόν
532 2362 593 2446 frg.
613 2360 673 2423 61)
697 2358 759 2425 58.
811 2358 899 2435 Quae
929 2358 1006 2423 satis
1037 2360 1147 2442 inepta
1177 2378 1245 2421 esse
1275 2359 1417 2441 apparet,

244 2468 400 2551 siquidem
416 2467 568 2532 virtutem
587 2471 713 2532 tantum
733 2470 936 2531 mortuorum
953 2466 1083 2530 laudare
1097 2466 1237 2530 voluisse
1257 2467 1416 2527 oratorem

245 2578 366 2639 certum
390 2575 523 2639 videtur.

236 2707 239 2712 ’
332 2683 450 2767 τὸγὰρ
474 2693 543 2758 τοῖς
561 2682 687 2746 εἰδόσιν
706 2681 727 2746 o
747 2687 836 2746 ἴσασι
856 2677 965 2764 λέγειν
983 2683 1094 2745 πίστιν
1115 2676 1177 2763 μὲν
1200 2681 1277 2764 ἔχει,
1300 2676 1416 2760 τέρψιν

245 2785 280 2853 δὲ
305 2787 346 2854 οὐ
368 2787 463 2872 φέρει
486 2786 558 2852 Hel.
577 2787 606 2852 5.
652 2791 764 2853 πίστιν
791 2784 853 2871 μὲν
882 2789 945 2873 ἔχει
975 2788 1071 2871 plane
1098 2785 1212 2850 inutile
1240 2788 1289 2848 est
1313 2806 1417 2868 neque

244 2899 416 2981 utrumque
439 2893 533 2959 colon
556 2894 591 2959 in
613 2918 710 2959 unam
733 2895 915 2960 universam
942 2895 1108 2957 notionem
1131 2890 1278 2956 contrahi
1301 2895 1416 2976 potest.

333 3004 433 3086 φήσει
457 3024 505 3077 τις
528 3001 571 3078 ὡς
594 3002 736 3087 χρήμασι
759 3002 819 3082 τὴν
842 3005 954 3065 πίστιν
978 2998 1196 3082 ἐποιούμεθα,
1222 3009 1331 3073 κεῖνος
1354 2995 1415 3080 μὲν

246 3109 371 3191 διδούς,
395 3107 459 3191 ἐγὼ
478 3104 516 3172 dt
535 3107 713 3191 hundetorre
736 3106 802 3173 Pal.
819 3107 847 3170 9.
884 3105 961 3172 Non
979 3105 1084 3169 solum
1103 3127 1202 3168 unum
1222 3104 1278 3168 sed
1296 3107 1417 3166 utrum-

245 3237 306 3298 que
333 3214 427 3279 colon
455 3214 548 3278 facile
576 3213 746 3278 desiderari
773 3216 889 3298 potest.
935 3210 1101 3278 Accedunt
1128 3214 1234 3275 autem
1257 3210 1354 3274 verba
1377 3211 1418 3273 ad

237 3321 489 3386 'similitudinem
513 3319 648 3384 Homeri
670 3322 721 3385 vel
744 3321 924 3385 communis
948 3318 1141 3384 Graecorum
1169 3317 1417 3382 consuetudinis.

236 3433 238 3440 ⁴
333 3431 473 3513 φήσαιμι
506 3422 538 3492 d’
567 3429 625 3510 ἄν,
662 3426 716 3492 καὶ
749 3430 857 3511 φήσας
890 3427 952 3492 οὐκ
984 3424 1026 3489 ἂν
1058 3428 1247 3508 ψευσαίμην
1274 3422 1347 3489 οὐδ’
1375 3423 1417 3488 ἂν

246 3535 438 3619 struxeram
463 3534 529 3597 Pal.
545 3533 596 3598 30.
639 3533 782 3610 Quorum
802 3533 939 3598 alterum
958 3534 1054 3598 colon
1071 3553 1341 3615 supervacaneum
1360 3533 1417 3594 est.

333 3637 368 3727 2)
392 3639 558 3705 Nonnulla
581 3637 718 3726 Gorgiae
745 3640 904 3705 antitheta
931 3643 1006 3704 sunt
1033 3640 1115 3704 falsa
1140 3642 1310 3722 propterea
1333 3637 1418 3722 quod

245 3749 341 3811 verba
364 3769 397 3811 re
420 3769 497 3812 vera
518 3767 585 3810 non
608 3750 684 3810 sunt
707 3748 876 3832 contraria,
899 3747 999 3812 veluti
1022 3746 1138 3811 λαθών
1153 3747 1340 3828 -φυγών,
1365 3743 1417 3808 νέ-

246 3875 341 3938 μεσιν
355 3856 548 3937 -φθόνον
571 3853 631 3939 frg.
647 3852 721 3918 61).
744 3857 855 3919 πίστιν
870 3852 1044 3933 -τέρψιν
1064 3850 1136 3916 Hel.
1151 3851 1180 3916 5.
1203 3849 1417 3934 ἀλεξητήριον

247 3998 288 4006 -
303 3962 517 4047 προβλήματα
536 3958 607 4026 Hel.
625 3961 673 4024 16.
707 3961 750 4036 ὡς
769 3959 942 4045 ἁμάρτημα
960 3958 1123 4044 μεμπτέον
1141 3995 1185 4004 -
1204 3957 1247 4033 ὡς
1269 3955 1417 4041 ἀτύχημα

246 4065 421 4150 νομιστέον
444 4063 515 4130 Hel.
533 4066 582 4129 19.

333 4172 454 4259 Negari
471 4172 570 4258 igitur
583 4195 648 4238 non
662 4175 770 4256 potest
788 4173 949 4256 plerisque
964 4169 1110 4256 Gorgieis
1129 4170 1295 4235 antithetis
1309 4169 1418 4235 rectis-

246 4279 325 4344 sime
345 4278 520 4366 significari
534 4290 587 4344 'res
607 4279 694 4364 ipsas
717 4279 801 4344 inter
820 4302 853 4345 se
873 4277 1046 4364 oppositas.
1088 4276 1159 4355 Qua
1176 4301 1211 4343 ra
1228 4277 1418 4363 Engelberti

336 4528 361 4596 1)
380 4541 556 4596 quamquam
583 4542 618 4579 ne
643 4524 726 4580 huius
749 4525 863 4594 quidem
888 4524 998 4595 generis
1022 4525 1163 4580 antitheta
1186 4524 1263 4593 apud
1285 4522 1415 4592 Gorgiam

245 4614 367 4684 primum
386 4615 491 4683 scripta
510 4617 582 4668 sunt.
621 4615 654 4668 cf.
674 4615 840 4669 Kommerl.
856 4633 878 4669 o.
898 4634 925 4684 p.
937 4621 969 4669 57
981 4632 1040 4684 sqq.
1060 4617 1090 4670 et
1107 4620 1142 4669 62
1152 4631 1212 4682 sqq.

1187 4710 1203 4756 4
