3509 5325
807 459 1029 524 ..10-

422 617 587 685 Nonnulla
611 623 718 684 autem
743 641 860 705 genera
882 620 945 684 hoc
967 621 1039 685 loco
1063 620 1196 685 omnino
1223 643 1290 686 non
1317 620 1352 685 in
1369 641 1508 699 ⁴censum

334 726 475 791 veniunt.
495 728 593 813 κύρια
612 727 697 791 enim
713 726 870 811 ὀνόματα,
889 716 940 803 οἷς
956 738 1100 812 χρῶνται
1115 726 1245 792 ἕκαστοι
1262 729 1305 811 (p.
1323 725 1406 816 1453
1426 725 1448 790 b
1463 724 1508 813 3),

333 834 465 899 minime
487 855 557 899 esse
579 833 706 917 poetica
728 834 935 918 perspicuum
958 837 1020 917 est,
1043 856 1140 918 quarn
1163 835 1204 900 ob
1228 855 1357 900 causam
1381 832 1509 898 Vahlen

332 942 430 1023 κύρια
450 940 598 1006 omnibus
621 942 754 1024 reliquis
778 941 949 1027 generibus
968 964 1079 1025 reapse
1103 942 1255 1025 opposita
1273 963 1342 1005 esse
1361 962 1419 1005 suo
1438 940 1508 1005 iure

333 1048 497 1113 contendit
507 1046 540 1135 1).
582 1045 749 1113 Praeterea
773 1048 918 1131 ὀνόματα
942 1046 1177 1132 ἑνιεκιεταμὲνα
1200 1052 1233 1112 et
1254 1045 1452 1134 ὑφῃρημένα
1475 1050 1508 1111 et

333 1150 556 1237 ἐξηλλαγμένα
578 1176 645 1219 non
667 1155 730 1219 nisi
757 1154 792 1218 in
819 1155 966 1219 versibus
999 1153 1097 1219 scribi
1128 1159 1278 1240 possunt,
1311 1159 1348 1220 ut
1375 1177 1439 1220 vox
1467 1154 1507 1219 ad

332 1263 470 1324 metrum
499 1261 764 1326 accommodetur.
810 1260 896 1326 lllud
924 1261 1024 1347 igitur
1053 1282 1154 1347 genus
1186 1262 1507 1346 praetermittendum

333 1372 390 1451 est,
414 1367 500 1451 quod
523 1390 589 1433 non
611 1371 660 1432 est
682 1370 860 1453 poeticum,
886 1368 963 1453 hoo,
991 1368 1078 1452 quod
1105 1372 1231 1434 tantum
1259 1372 1310 1434 eet
1336 1370 1508 1453 poeticum.

292 1494 294 1497 ·
332 1473 479 1558 Denique
493 1476 649 1541 vocabula
668 1474 870 1559 πεποιημένα
890 1475 1018 1540 silentio
1037 1476 1131 1540 nobis
1151 1476 1383 1560 praetereunda
1401 1476 1508 1542 viden-

316 1585 394 1665 tur,
418 1581 505 1666 quod
523 1582 686 1647 rarissima
705 1585 780 1646 sunt
799 1579 854 1670 (cf.
872 1604 903 1666 p.
925 1581 1009 1647 1457
1029 1582 1051 1646 b
1070 1579 1128 1669 34)
1148 1586 1181 1647 et
1198 1604 1257 1647 nos
1276 1583 1331 1647 vix
1354 1606 1508 1667 umquam

333 1688 507 1752 diiudicare
529 1710 710 1773 possumus,
734 1710 814 1771 quae
834 1688 931 1754 verba
950 1689 1088 1774 scriptor
1110 1690 1179 1774 ipse
1201 1690 1397 1755 formaverit.
1432 1688 1509 1766 Qui-

331 1794 382 1859 bis
415 1794 542 1859 omissis
574 1798 698 1861 restant
729 1796 808 1860 haee
840 1817 969 1881 genera:
1002 1796 1100 1861 verba
1132 1796 1324 1880 composita,
1356 1802 1507 1881 γλῶτται,

332 1901 573 1986 translationes,
599 1905 737 1986 κόσμος,
765 1904 856 1967 cuius
883 1906 999 1967 natura
1026 1902 1131 1968 adhuc
1158 1903 1193 1968 in
1219 1902 1360 1968 tenebris
1383 1901 1507 1990 iacet²).

333 2008 504 2074 Haesitant
518 2008 605 2074 enim
622 2009 685 2075 viri
704 2009 800 2094 docti,
817 2013 928 2075 utrum
947 2011 1070 2094 κόσμος
1089 2009 1231 2094 epitheta
1249 1998 1397 2075 ornantia
1410 2010 1508 2097 signi·

332 2118 408 2181 ficet
430 2138 472 2181 an
495 2116 559 2182 alia
581 2138 709 2201 quoque
732 2116 904 2182 verborum
928 2139 1046 2203 genera
1069 2118 1309 2201 complectatur.
1354 2116 1416 2182 llla
1438 2139 1507 2181 sen-

333 2224 435 2289 tentia
462 2224 571 2289 fulciri
598 2223 725 2288 videtur
753 2224 859 2289 verbis
884 2228 942 2289 art.
961 2224 1041 2290 rhet.
1061 2222 1142 2290 1117
1167 2247 1198 2309 p.
1219 2224 1305 2289 1408
1324 2247 1343 2288 a
1363 2224 1404 2289 13
1427 2222 1505 2309 μηδ’

336 2328 390 2396 ε’τιὶ
409 2341 453 2418 τῷ
472 2330 599 2396 εὐτελεῖ
611 2330 749 2415 ὀνόματι
764 2330 823 2415 ἐπῇ
838 2334 973 2415 κόσμος·
992 2334 1025 2398 εἰ
1043 2328 1080 2396 δὲ
1098 2334 1155 2415 μή,
1172 2333 1329 2420 κωμῳδία
1343 2334 1508 2416 φαίνεται,

336 2428 409 2503 οἷον
431 2448 523 2503 ποιεῖ
543 2440 719 2522 Κλεοφῶν·
749 2438 870 2521 ὁμοίως
892 2438 956 2523 γὰρ
980 2440 1052 2503 ἔνια
1076 2440 1167 2520 ἔλεγε
1189 2435 1244 2504 καὶ
1267 2440 1298 2504 εἰ
1319 2444 1442 2504 εἴπειεν
1464 2438 1507 2503 ἂν

333 2546 452 2610 πότνια
476 2554 569 2629 συκῆ.
593 2548 625 2609 et
648 2544 724 2609 ibid.
744 2566 811 2629 cap.
831 2545 861 2628 3,
885 2566 949 2628 quo
972 2547 1044 2610 loco
1063 2543 1254 2610 Aristoteles
1273 2548 1391 2610 tractat
1410 2545 1508 2610 verba

334 2651 521 2737 composita,
535 2653 738 2738 glossemata,
752 2653 910 2738 apposita,
924 2652 1160 2718 translationes.
1196 2649 1259 2718 Sed
1272 2651 1507 2718 dubitationem

333 2764 441 2824 movet
473 2759 601 2825 Vahlen
632 2761 653 2824 l.
677 2781 702 2825 e.
758 2760 990 2826 Verumtamen
1026 2759 1174 2844 apposita
1210 2759 1260 2823 illi
1296 2760 1419 2846 generi,
1454 2762 1507 2826 eui

333 2865 523 2932 Aristoteles
556 2889 674 2933 nomen
705 2871 827 2951 κόσμος
859 2867 1027 2953 imposuit,
1060 2866 1297 2931 adnumeranda
1329 2887 1397 2930 esse
1429 2867 1506 2932 satis

334 2977 458 3039 certum
481 2973 616 3039 videtur.

421 3079 574 3147 Nascitur
595 3103 682 3148 nunc
700 3084 855 3167 quaesti0,
878 3104 957 3147 num
975 3081 1161 3148 Herodotus
1183 3083 1249 3147 illis
1267 3082 1374 3148 verbis
1398 3081 1507 3146 eadem

334 3192 432 3273 atque
460 3191 622 3274 sophistae
649 3212 727 3254 usus
755 3191 798 3255 sit
820 3190 951 3254 ratione.
999 3188 1068 3264 Qua
1095 3191 1130 3253 in
1156 3189 1363 3273 disceptanda
1391 3191 1508 3254 iterum

333 3293 524 3361 Aristoteles
547 3317 606 3361 nos
629 3295 769 3379 adiuvat,
792 3295 848 3378 qui
865 3295 901 3358 in
918 3298 976 3358 art.
995 3295 1076 3358 rhet.
1094 3293 1145 3358 Ill
1163 3316 1230 3378 cap.
1250 3294 1270 3359 3
1290 3295 1508 3380 sophistarum

333 3401 561 3486 elocutionem,
594 3424 690 3486 quam
722 3401 853 3486 ψυχρὰν
891 3422 960 3464 esse
996 3401 1089 3484 dicit,
1126 3401 1273 3483 explicat.
1324 3401 1393 3478 Qua
1429 3425 1507 3468 vooe

333 3510 495 3594 appellare
527 3531 600 3574 eum
631 3530 761 3592 prosam
794 3505 973 3572 orationem
1005 3507 1102 3571 nimis
1129 3508 1273 3592 poeticae
1302 3507 1440 3572 similem
1467 3532 1508 3573 ex

333 3617 404 3700 ipso
432 3617 537 3700 capite
564 3613 710 3700 elucetss).
755 3613 907 3698 Legimus
940 3613 1026 3676 enim
1052 3635 1083 3696 p.
1105 3611 1190 3677 1406
1214 3616 1272 3678 ab
1303 3615 1411 3679 πάντα
1442 3616 1507 3700 γὰρ

334 3733 435 3788 ταῦτα
457 3723 609 3805 ποιητικὰ
633 3721 688 3785 διὰ
712 3721 772 3800 τὴν
795 3721 957 3784 cratero
980 3721 1143 3802 φαίνεται.
1191 3719 1276 3784 1406
1295 3743 1314 3784 a
1330 3721 1370 3785 12
1391 3721 1427 3785 ἐν
1445 3718 1507 3805 μὲν

334 3830 397 3914 γὰρ
421 3831 551 3912 ποιήσει
578 3825 694 3908 πρέπει
722 3825 805 3907 γάλα
833 3826 953 3889 λευκὸν
980 3826 1100 3907 εἰπεῖν,
1133 3824 1170 3890 ἐν
1197 3823 1235 3890 δὲ
1262 3829 1351 3913 λόγῳ
1377 3827 1418 3891 τὰ
1445 3823 1507 3910 μὲν

334 3934 569 4020 ιἰιιρετιέστεοα,
587 3933 627 3995 τὰ
641 3927 689 4012 δι’,
707 3929 749 3994 ἂν
766 3921 787 4014 ᾗ
805 3940 979 4015 ιιαταιιορῆ,
999 3929 1159 4016 ἐξελέγχει
1176 3929 1232 3997 καὶ
1250 3944 1341 3998 ιιοιελ
1357 3935 1505 4017 φανερὸν

334 4067 546 4080 -υ-ι--οέ

424 4147 449 4212 1)
467 4142 582 4196 Wiener
601 4140 964 4211 sitz.-Ber.phil.-hist.K1.
984 4142 1037 4197 vol.
1054 4147 1096 4210 66,
1118 4147 1195 4211 1887,
1213 4161 1240 4212 p.
1257 4148 1316 4197 248.

423 4234 449 4302 2)
469 4231 503 4286 ef.
519 4229 629 4285 Vahlen
646 4231 666 4286 1.
681 4248 703 4285 c.
722 4241 752 4302 p.'
766 4236 825 4285 253.

423 4323 450 4392 3)
467 4320 510 4375 De
528 4321 642 4376 notione
660 4320 791 4376 vocabuli
808 4319 919 4392 ψυχρόν
941 4321 975 4376 cf.
994 4322 1027 4375 R.
1038 4321 1211 4390 Volkmann,
1229 4320 1283 4375 Die
1301 4319 1438 4375 Rhetorik
1458 4319 1507 4374 der

334 4409 471 4466 Griechen
485 4412 544 4466 und
559 4411 662 4466 Romer
674 4411 707 4465 Π.
724 4410 767 4466 ed.
784 4416 861 4481 1886,
875 4430 902 4482 p.
914 4417 966 4466 540
976 4429 1049 4482 sqq.;
1070 4411 1104 4465 cf.
1120 4411 1241 4466 Demetr.
1256 4411 1321 4480 νιερλ
1334 4410 1428 4479 ioppe.
1441 4414 1505 4464 114:

334 4497 454 4570 ὁρίζεται
473 4500 504 4558 dt
522 4501 553 4556 τὸ
573 4501 684 4573 ψυχρὸν
706 4498 887 4570 Θεόφραστος
905 4499 990 4569 οὕτω,
1008 4499 1121 4573 ψυχρόν
1140 4500 1196 4555 ἐστι
1213 4501 1245 4555 τὸ
1264 4498 1437 4572 ὑπερβάλλον
1455 4498 1506 4568 τὴν

334 4587 442 4647 οἰκείαν
461 4587 641 4664 ἀπαγγελίαν.
679 4590 713 4644 cf.
733 4590 820 4646 etiam
838 4591 923 4645 Arist.
938 4593 990 4646 art.
1005 4591 1075 4647 rhet.
1090 4591 1159 4645 1112
1178 4610 1204 4662 p.
1217 4595 1286 4646 1404
1295 4589 1315 4644 b
1325 4596 1341 4643 3
1352 4607 1412 4660 sqq.
