<?xml version="1.0" encoding="UTF-8"?>
<!DOCTYPE html PUBLIC "-//W3C//DTD XHTML 1.0 Transitional//EN"
    "http://www.w3.org/TR/xhtml1/DTD/xhtml1-transitional.dtd">
<html xmlns="http://www.w3.org/1999/xhtml" xml:lang="en" lang="en">
 <head>
  <title>
</title>
<meta http-equiv="Content-Type" content="text/html;charset=utf-8" />
  <meta name='ocr-system' content='tesseract 3.04.00' />
  <meta name='ocr-capabilities' content='ocr_page ocr_carea ocr_par ocr_line ocrx_word'/>
</head>
<body>
  <div class='ocr_page' id='page_1' title='image "./deherodotielocu00wundgoog_0061.png"; bbox 0 0 3509 5325; ppageno 0'>
   <div class='ocr_carea' id='block_1_1' title="bbox 721 483 942 548">
    <p class='ocr_par' dir='ltr' id='par_1_1' title="bbox 721 483 942 548">
     <span class='ocr_line' id='line_1_1' title="bbox 721 483 942 548; baseline 0.005 -18"><span class='ocrx_word' id='word_1_1' title='bbox 721 483 942 548; x_wconf 67' lang='lat'>-59-</span> 
     </span>
    </p>
   </div>
   <div class='ocr_carea' id='block_1_2' title="bbox 178 639 1418 2519">
    <p class='ocr_par' dir='ltr' id='par_1_2' title="bbox 242 639 1417 835">
     <span class='ocr_line' id='line_1_2' title="bbox 333 639 1417 728; baseline 0.004 -22"><span class='ocrx_word' id='word_1_2' title='bbox 333 639 408 726; x_wconf 82' lang='grc' dir='ltr'><strong><em>περὶ</em></strong></span> <span class='ocrx_word' id='word_1_3' title='bbox 423 652 490 707; x_wconf 82' lang='grc' dir='ltr'><strong><em>τῶν</em></strong></span> <span class='ocrx_word' id='word_1_4' title='bbox 505 646 666 708; x_wconf 79' lang='grc' dir='ltr'><strong><em>πλείστων</em></strong></span> <span class='ocrx_word' id='word_1_5' title='bbox 687 642 733 707; x_wconf 92' lang='lat' dir='ltr'><strong><em>in:</em></strong></span> <span class='ocrx_word' id='word_1_6' title='bbox 758 644 840 709; x_wconf 81' lang='grc' dir='ltr'><strong><em>ὥστε</em></strong></span> <span class='ocrx_word' id='word_1_7' title='bbox 858 642 934 728; x_wconf 75' lang='grc' dir='ltr'><strong><em>περὶ</em></strong></span> <span class='ocrx_word' id='word_1_8' title='bbox 952 655 1019 709; x_wconf 83' lang='grc' dir='ltr'><strong><em>τῶν</em></strong></span> <span class='ocrx_word' id='word_1_9' title='bbox 1037 648 1200 709; x_wconf 77' lang='grc' dir='ltr'><strong><em>πλείστων</em></strong></span> <span class='ocrx_word' id='word_1_10' title='bbox 1219 646 1255 709; x_wconf 87' lang='grc' dir='ltr'><strong><em>οί</em></strong></span> <span class='ocrx_word' id='word_1_11' title='bbox 1268 650 1417 710; x_wconf 76' lang='grc' dir='ltr'><strong><em>πλεῖστοι</em></strong></span> 
     </span>
     <span class='ocr_line' id='line_1_3' title="bbox 242 748 1215 835; baseline -0.003 -21"><span class='ocrx_word' id='word_1_12' title='bbox 242 750 303 833; x_wconf 80' lang='grc' dir='ltr'><strong><em>τὴν</em></strong></span> <span class='ocrx_word' id='word_1_13' title='bbox 328 748 429 825; x_wconf 74' lang='grc' dir='ltr'><strong><em>δόξαν</em></strong></span> <span class='ocrx_word' id='word_1_14' title='bbox 453 750 645 832; x_wconf 84' lang='grc' dir='ltr'><strong><em>σύμβουλον</em></strong></span> <span class='ocrx_word' id='word_1_15' title='bbox 669 759 707 834; x_wconf 77' lang='grc' dir='ltr'><strong><em>τη</em></strong></span> <span class='ocrx_word' id='word_1_16' title='bbox 731 759 820 835; x_wconf 73' lang='grc' dir='ltr'><strong><em>ψυχῇ</em></strong></span> <span class='ocrx_word' id='word_1_17' title='bbox 843 751 1041 835; x_wconf 83' lang='grc' dir='ltr'><strong><em>παρέχονται</em></strong></span> <span class='ocrx_word' id='word_1_18' title='bbox 1058 750 1130 815; x_wconf 92' lang='lat' dir='ltr'><strong>Hel.</strong></span> <span class='ocrx_word' id='word_1_19' title='bbox 1152 750 1215 814; x_wconf 88' lang='grc'><strong>11..</strong></span> 
     </span>
    </p>

    <p class='ocr_par' dir='ltr' id='par_1_3' title="bbox 178 849 1415 1047">
     <span class='ocr_line' id='line_1_4' title="bbox 331 849 1415 945; baseline 0.001 -24"><span class='ocrx_word' id='word_1_20' title='bbox 331 864 392 921; x_wconf 89' lang='grc' dir='ltr'><strong><em>τοῦ</em></strong></span> <span class='ocrx_word' id='word_1_21' title='bbox 415 857 578 939; x_wconf 80' lang='grc' dir='ltr'><em>παρόντος</em></span> <span class='ocrx_word' id='word_1_22' title='bbox 601 855 648 919; x_wconf 90' lang='lat' dir='ltr'><strong><em>in:</em></strong></span> <span class='ocrx_word' id='word_1_23' title='bbox 670 854 725 920; x_wconf 85' lang='grc' dir='ltr'><strong><em>καὶ</em></strong></span> <span class='ocrx_word' id='word_1_24' title='bbox 748 865 808 921; x_wconf 88' lang='grc' dir='ltr'><strong><em>τοῦ</em></strong></span> <span class='ocrx_word' id='word_1_25' title='bbox 831 849 994 942; x_wconf 90' lang='grc' dir='ltr'><strong><em>παρόντος</em></strong></span> <span class='ocrx_word' id='word_1_26' title='bbox 1018 856 1055 921; x_wconf 90' lang='grc' dir='ltr'><strong><em>εὐ</em></strong></span> <span class='ocrx_word' id='word_1_27' title='bbox 1077 866 1122 945; x_wconf 74' lang='grc' dir='ltr'><strong><em>τῷ</em></strong></span> <span class='ocrx_word' id='word_1_28' title='bbox 1145 859 1285 939; x_wconf 77' lang='grc' dir='ltr'><strong><em>παρόντι</em></strong></span> <span class='ocrx_word' id='word_1_29' title='bbox 1305 860 1415 945; x_wconf 77' lang='grc' dir='ltr'><strong><em>χρόνῳ</em></strong></span> 
     </span>
     <span class='ocr_line' id='line_1_5' title="bbox 178 959 817 1047; baseline 0 -20"><span class='ocrx_word' id='word_1_30' title='bbox 178 994 180 999; x_wconf 95' lang='grc'><strong><em>·</em></strong></span> <span class='ocrx_word' id='word_1_31' title='bbox 243 964 453 1047; x_wconf 78' lang='grc' dir='ltr'><strong><em>φρονήματος</em></strong></span> <span class='ocrx_word' id='word_1_32' title='bbox 478 959 651 1045; x_wconf 79' lang='grc' dir='ltr'><strong><em>ἐξέστησαν</em></strong></span> <span class='ocrx_word' id='word_1_33' title='bbox 674 961 745 1027; x_wconf 90' lang='lat' dir='ltr'><strong>Hel.</strong></span> <span class='ocrx_word' id='word_1_34' title='bbox 767 962 817 1027; x_wconf 80' lang='lat'><strong><em>17.</em></strong></span> 
     </span>
    </p>

    <p class='ocr_par' dir='ltr' id='par_1_4' title="bbox 333 1062 1414 1155">
     <span class='ocr_line' id='line_1_6' title="bbox 333 1062 1414 1155; baseline 0.001 -23"><span class='ocrx_word' id='word_1_35' title='bbox 333 1064 442 1133; x_wconf 83' lang='grc' dir='ltr'><strong><em>ἑκόντι</em></strong></span> <span class='ocrx_word' id='word_1_36' title='bbox 461 1067 508 1131; x_wconf 90' lang='lat' dir='ltr'><strong><em>in:</em></strong></span> <span class='ocrx_word' id='word_1_37' title='bbox 533 1062 604 1132; x_wconf 82' lang='grc' dir='ltr'><strong><em>ἀλλ’</em></strong></span> <span class='ocrx_word' id='word_1_38' title='bbox 628 1074 705 1144; x_wconf 81' lang='grc' dir='ltr'><strong><em>ίσως</em></strong></span> <span class='ocrx_word' id='word_1_39' title='bbox 724 1066 852 1146; x_wconf 86' lang='grc' dir='ltr'><strong><em>ἑκόντες</em></strong></span> <span class='ocrx_word' id='word_1_40' title='bbox 871 1066 980 1135; x_wconf 84' lang='grc' dir='ltr'><strong><em>ἑκόντι</em></strong></span> <span class='ocrx_word' id='word_1_41' title='bbox 1002 1071 1259 1155; x_wconf 78' lang='grc' dir='ltr'><strong><em>παραδώσουσιν</em></strong></span> <span class='ocrx_word' id='word_1_42' title='bbox 1282 1070 1348 1135; x_wconf 86' lang='lat' dir='ltr'><strong>Pal.</strong></span> <span class='ocrx_word' id='word_1_43' title='bbox 1365 1070 1414 1134; x_wconf 88' lang='lat'><strong><em>14.</em></strong></span> 
     </span>
    </p>

    <p class='ocr_par' dir='ltr' id='par_1_5' title="bbox 244 1171 1416 1363">
     <span class='ocr_line' id='line_1_7' title="bbox 331 1171 1416 1263; baseline 0.004 -25"><span class='ocrx_word' id='word_1_44' title='bbox 331 1176 414 1259; x_wconf 85' lang='grc' dir='ltr'><strong><em>πρὸς</em></strong></span> <span class='ocrx_word' id='word_1_45' title='bbox 436 1174 521 1257; x_wconf 83' lang='grc' dir='ltr'><strong><em>ὑμᾶς</em></strong></span> <span class='ocrx_word' id='word_1_46' title='bbox 544 1174 590 1239; x_wconf 90' lang='lat' dir='ltr'><strong><em>in:</em></strong></span> <span class='ocrx_word' id='word_1_47' title='bbox 619 1176 733 1252; x_wconf 90' lang='grc' dir='ltr'><strong><em>λοιπὸς</em></strong></span> <span class='ocrx_word' id='word_1_48' title='bbox 760 1171 797 1239; x_wconf 74' lang='grc' dir='ltr'><strong><em>δὲ</em></strong></span> <span class='ocrx_word' id='word_1_49' title='bbox 824 1173 900 1259; x_wconf 74' lang='grc' dir='ltr'><strong><em>περὶ</em></strong></span> <span class='ocrx_word' id='word_1_50' title='bbox 927 1176 1021 1259; x_wconf 85' lang='grc' dir='ltr'><strong><em>ὑμῶν</em></strong></span> <span class='ocrx_word' id='word_1_51' title='bbox 1048 1178 1131 1263; x_wconf 87' lang='grc' dir='ltr'><strong><em>πρὸς</em></strong></span> <span class='ocrx_word' id='word_1_52' title='bbox 1158 1177 1242 1261; x_wconf 86' lang='grc' dir='ltr'><strong><em>ὑμᾶς</em></strong></span> <span class='ocrx_word' id='word_1_53' title='bbox 1269 1175 1341 1242; x_wconf 82' lang='grc' dir='ltr'><strong><em>ἑστί</em></strong></span> <span class='ocrx_word' id='word_1_54' title='bbox 1360 1202 1416 1261; x_wconf 95' lang='grc' dir='ltr'><strong><em>μοι</em></strong></span> 
     </span>
     <span class='ocr_line' id='line_1_8' title="bbox 244 1280 502 1363; baseline -0.008 -18"><span class='ocrx_word' id='word_1_55' title='bbox 244 1284 342 1363; x_wconf 93' lang='grc' dir='ltr'><strong><em>λόγος</em></strong></span> <span class='ocrx_word' id='word_1_56' title='bbox 364 1280 430 1345; x_wconf 85' lang='lat' dir='ltr'><strong>Pal.</strong></span> <span class='ocrx_word' id='word_1_57' title='bbox 451 1280 502 1344; x_wconf 86' lang='lat'><strong><em>33.</em></strong></span> 
     </span>
    </p>

    <p class='ocr_par' dir='ltr' id='par_1_6' title="bbox 244 1385 1417 1560">
     <span class='ocr_line' id='line_1_9' title="bbox 332 1385 1417 1478; baseline 0.004 -27"><span class='ocrx_word' id='word_1_58' title='bbox 332 1385 440 1472; x_wconf 77' lang='lat' dir='ltr'><strong>Atque</strong></span> <span class='ocrx_word' id='word_1_59' title='bbox 463 1389 706 1478; x_wconf 86' lang='lat' dir='ltr'><strong>paronomasiae</strong></span> <span class='ocrx_word' id='word_1_60' title='bbox 731 1409 825 1453; x_wconf 84' lang='lat' dir='ltr'><strong>eausa</strong></span> <span class='ocrx_word' id='word_1_61' title='bbox 849 1386 983 1474; x_wconf 77' lang='lat' dir='ltr'><strong>Gorgias</strong></span> <span class='ocrx_word' id='word_1_62' title='bbox 1011 1411 1252 1475; x_wconf 84' lang='lat' dir='ltr'><strong>nonnumquam</strong></span> <span class='ocrx_word' id='word_1_63' title='bbox 1279 1391 1417 1455; x_wconf 74' lang='lat' dir='ltr'><strong>miraei</strong></span> 
     </span>
     <span class='ocr_line' id='line_1_10' title="bbox 244 1494 727 1560; baseline 0 -1"><span class='ocrx_word' id='word_1_64' title='bbox 244 1494 379 1559; x_wconf 86' lang='lat' dir='ltr'><strong>verbosa</strong></span> <span class='ocrx_word' id='word_1_65' title='bbox 401 1515 478 1559; x_wconf 86' lang='lat' dir='ltr'><strong>usus</strong></span> <span class='ocrx_word' id='word_1_66' title='bbox 502 1498 551 1560; x_wconf 82' lang='grc' dir='ltr'><strong><em>οιλ</em></strong></span> <span class='ocrx_word' id='word_1_67' title='bbox 574 1494 727 1559; x_wconf 72' lang='lat' dir='ltr'><strong>dieiione:</strong></span> 
     </span>
    </p>

    <p class='ocr_par' dir='ltr' id='par_1_7' title="bbox 333 1597 1391 1688">
     <span class='ocr_line' id='line_1_11' title="bbox 333 1597 1391 1688; baseline 0.001 -23"><span class='ocrx_word' id='word_1_68' title='bbox 333 1598 382 1665; x_wconf 76' lang='lat' dir='ltr'><strong><em>ivi</em></strong></span> <span class='ocrx_word' id='word_1_69' title='bbox 407 1597 445 1665; x_wconf 81' lang='grc' dir='ltr'><strong><em>όέ</em></strong></span> <span class='ocrx_word' id='word_1_70' title='bbox 469 1602 594 1685; x_wconf 83' lang='grc' dir='ltr'><strong><em>σώματι</em></strong></span> <span class='ocrx_word' id='word_1_71' title='bbox 617 1602 723 1667; x_wconf 81' lang='grc' dir='ltr'><strong><em>πολλὰ</em></strong></span> <span class='ocrx_word' id='word_1_72' title='bbox 747 1603 881 1685; x_wconf 81' lang='grc' dir='ltr'><strong><em>σώματα</em></strong></span> <span class='ocrx_word' id='word_1_73' title='bbox 905 1605 1092 1687; x_wconf 77' lang='grc' dir='ltr'><strong><em>συνήγαγεν</em></strong></span> <span class='ocrx_word' id='word_1_74' title='bbox 1115 1602 1248 1688; x_wconf 76' lang='grc' dir='ltr'><strong><em>ἀνδρῶν</em></strong></span> <span class='ocrx_word' id='word_1_75' title='bbox 1271 1603 1343 1669; x_wconf 90' lang='lat' dir='ltr'><strong>Hel.</strong></span> <span class='ocrx_word' id='word_1_76' title='bbox 1362 1604 1391 1667; x_wconf 86' lang='grc'><strong><em>4.</em></strong></span> 
     </span>
    </p>

    <p class='ocr_par' dir='ltr' id='par_1_8' title="bbox 333 1704 1416 1799">
     <span class='ocr_line' id='line_1_12' title="bbox 333 1704 1416 1799; baseline 0.004 -28"><span class='ocrx_word' id='word_1_77' title='bbox 333 1708 395 1791; x_wconf 80' lang='grc' dir='ltr'><strong><em>τὴν</em></strong></span> <span class='ocrx_word' id='word_1_78' title='bbox 418 1704 456 1772; x_wconf 74' lang='grc' dir='ltr'><strong><em>δὲ</em></strong></span> <span class='ocrx_word' id='word_1_79' title='bbox 478 1707 635 1793; x_wconf 74' lang='grc' dir='ltr'><strong><em>τετάρτην</em></strong></span> <span class='ocrx_word' id='word_1_80' title='bbox 659 1710 767 1773; x_wconf 78' lang='grc' dir='ltr'><strong><em>αἰτίαν</em></strong></span> <span class='ocrx_word' id='word_1_81' title='bbox 786 1716 830 1795; x_wconf 77' lang='grc' dir='ltr'><strong><em>τῷ</em></strong></span> <span class='ocrx_word' id='word_1_82' title='bbox 849 1709 993 1797; x_wconf 80' lang='grc' dir='ltr'><strong><em>τετάρτω</em></strong></span> <span class='ocrx_word' id='word_1_83' title='bbox 1012 1712 1100 1799; x_wconf 79' lang='grc' dir='ltr'><strong><em>λόγῳ</em></strong></span> <span class='ocrx_word' id='word_1_84' title='bbox 1120 1707 1257 1794; x_wconf 78' lang='grc' dir='ltr'><em>διέξειμι</em></span> <span class='ocrx_word' id='word_1_85' title='bbox 1277 1709 1348 1775; x_wconf 91' lang='lat' dir='ltr'><strong>Hel.</strong></span> <span class='ocrx_word' id='word_1_86' title='bbox 1367 1709 1416 1775; x_wconf 80' lang='lat'><strong><em>15.</em></strong></span> 
     </span>
    </p>

    <p class='ocr_par' dir='ltr' id='par_1_9' title="bbox 244 1810 1418 2006">
     <span class='ocr_line' id='line_1_13' title="bbox 333 1810 1418 1901; baseline 0.004 -22"><span class='ocrx_word' id='word_1_87' title='bbox 333 1826 400 1879; x_wconf 82' lang='grc' dir='ltr'><strong><em>τῶν</em></strong></span> <span class='ocrx_word' id='word_1_88' title='bbox 425 1810 461 1879; x_wconf 67' lang='lat' dir='ltr'><strong><em>tii</em></strong></span> <span class='ocrx_word' id='word_1_89' title='bbox 484 1815 644 1880; x_wconf 85' lang='grc' dir='ltr'><strong><em>τοιούτων</em></strong></span> <span class='ocrx_word' id='word_1_90' title='bbox 669 1814 768 1897; x_wconf 88' lang='grc' dir='ltr'><strong><em>ἔστίν,</em></strong></span> <span class='ocrx_word' id='word_1_91' title='bbox 794 1816 874 1881; x_wconf 85' lang='grc' dir='ltr'><strong><em>ὅταν</em></strong></span> <span class='ocrx_word' id='word_1_92' title='bbox 897 1817 1017 1901; x_wconf 81' lang='grc' dir='ltr'><strong><em>άνόρες</em></strong></span> <span class='ocrx_word' id='word_1_93' title='bbox 1039 1817 1147 1901; x_wconf 77' lang='grc' dir='ltr'><strong><em>άνδρα</em></strong></span> <span class='ocrx_word' id='word_1_94' title='bbox 1169 1813 1244 1900; x_wconf 83' lang='grc' dir='ltr'><strong><em>περὶ</em></strong></span> <span class='ocrx_word' id='word_1_95' title='bbox 1265 1817 1418 1883; x_wconf 77' lang='grc' dir='ltr'><strong><em>θανάτου</em></strong></span> 
     </span>
     <span class='ocr_line' id='line_1_14' title="bbox 244 1920 563 2006; baseline -0.003 -21"><span class='ocrx_word' id='word_1_96' title='bbox 244 1923 403 2006; x_wconf 86' lang='grc' dir='ltr'><strong><em>κρίνωσιν</em></strong></span> <span class='ocrx_word' id='word_1_97' title='bbox 425 1920 492 1987; x_wconf 78' lang='lat' dir='ltr'><strong>Pal.</strong></span> <span class='ocrx_word' id='word_1_98' title='bbox 512 1920 563 1985; x_wconf 87' lang='lat'><strong><em>34.</em></strong></span> 
     </span>
    </p>

    <p class='ocr_par' dir='ltr' id='par_1_10' title="bbox 334 2026 1060 2105">
     <span class='ocr_line' id='line_1_15' title="bbox 334 2026 1060 2105; baseline 0.004 -13"><span class='ocrx_word' id='word_1_99' title='bbox 334 2026 457 2105; x_wconf 82' lang='lat' dir='ltr'>Quibus</span> <span class='ocrx_word' id='word_1_100' title='bbox 481 2027 586 2093; x_wconf 81' lang='lat' dir='ltr'><strong>verbis</strong></span> <span class='ocrx_word' id='word_1_101' title='bbox 610 2028 847 2093; x_wconf 78' lang='lat' dir='ltr'><strong>adnumeranda</strong></span> <span class='ocrx_word' id='word_1_102' title='bbox 870 2032 945 2095; x_wconf 77' lang='lat' dir='ltr'><strong>sunt</strong></span> <span class='ocrx_word' id='word_1_103' title='bbox 968 2029 1060 2095; x_wconf 86' lang='lat' dir='ltr'><strong>haee:</strong></span> 
     </span>
    </p>

    <p class='ocr_par' dir='ltr' id='par_1_11' title="bbox 334 2133 1222 2220">
     <span class='ocr_line' id='line_1_16' title="bbox 334 2133 1222 2220; baseline 0.001 -21"><span class='ocrx_word' id='word_1_104' title='bbox 334 2133 477 2219; x_wconf 82' lang='grc' dir='ltr'><strong><em>ἀνάγκης</em></strong></span> <span class='ocrx_word' id='word_1_105' title='bbox 499 2138 710 2220; x_wconf 75' lang='grc' dir='ltr'><strong><em>ψηφίσμασιν</em></strong></span> <span class='ocrx_word' id='word_1_106' title='bbox 732 2134 870 2220; x_wconf 83' lang='grc' dir='ltr'><strong><em>ἔπραξεν</em></strong></span> <span class='ocrx_word' id='word_1_107' title='bbox 895 2136 916 2201; x_wconf 78' lang='grc' dir='ltr'><strong><em>ά</em></strong></span> <span class='ocrx_word' id='word_1_108' title='bbox 939 2136 1077 2220; x_wconf 82' lang='grc' dir='ltr'><strong><em>ἔπραξεν</em></strong></span> <span class='ocrx_word' id='word_1_109' title='bbox 1100 2135 1172 2202; x_wconf 91' lang='lat' dir='ltr'><strong>Hel.</strong></span> <span class='ocrx_word' id='word_1_110' title='bbox 1192 2136 1222 2200; x_wconf 90' lang='grc'><strong><em>6.</em></strong></span> 
     </span>
    </p>

    <p class='ocr_par' dir='ltr' id='par_1_12' title="bbox 333 2232 1203 2329">
     <span class='ocr_line' id='line_1_17' title="bbox 333 2232 1203 2329; baseline 0.001 -23"><span class='ocrx_word' id='word_1_111' title='bbox 333 2236 417 2325; x_wconf 74' lang='grc' dir='ltr'><strong><em>ἦλθε</em></strong></span> <span class='ocrx_word' id='word_1_112' title='bbox 440 2242 503 2329; x_wconf 79' lang='grc' dir='ltr'><strong><em>γάρ</em></strong></span> <span class='ocrx_word' id='word_1_113' title='bbox 529 2232 578 2318; x_wconf 82' lang='grc' dir='ltr'><strong><em>οἷς</em></strong></span> <span class='ocrx_word' id='word_1_114' title='bbox 600 2236 685 2326; x_wconf 69' lang='grc' dir='ltr'><strong><em>ἦλθε</em></strong></span> <span class='ocrx_word' id='word_1_115' title='bbox 708 2243 807 2329; x_wconf 81' lang='grc' dir='ltr'><strong><em>τύχης</em></strong></span> <span class='ocrx_word' id='word_1_116' title='bbox 833 2242 1037 2328; x_wconf 84' lang='grc' dir='ltr'><strong><em>ἀγρεύμασιν</em></strong></span> <span class='ocrx_word' id='word_1_117' title='bbox 1060 2243 1132 2307; x_wconf 92' lang='lat' dir='ltr'><strong>Hel.</strong></span> <span class='ocrx_word' id='word_1_118' title='bbox 1153 2244 1203 2307; x_wconf 82' lang='lat'><strong><em>19.</em></strong></span> 
     </span>
    </p>

    <p class='ocr_par' dir='ltr' id='par_1_13' title="bbox 245 2346 1417 2519">
     <span class='ocr_line' id='line_1_18' title="bbox 335 2346 1417 2436; baseline 0.002 -23"><span class='ocrx_word' id='word_1_119' title='bbox 335 2348 398 2414; x_wconf 87' lang='grc' dir='ltr'><strong><em>ὑπὸ</em></strong></span> <span class='ocrx_word' id='word_1_120' title='bbox 433 2351 529 2425; x_wconf 80' lang='grc' dir='ltr'><strong><em>θείας</em></strong></span> <span class='ocrx_word' id='word_1_121' title='bbox 570 2346 713 2432; x_wconf 77' lang='grc' dir='ltr'><strong><em>ἀνάγκης</em></strong></span> <span class='ocrx_word' id='word_1_122' title='bbox 755 2348 1003 2432; x_wconf 75' lang='grc' dir='ltr'><strong><em>άναγκασθείσα</em></strong></span> <span class='ocrx_word' id='word_1_123' title='bbox 1044 2350 1182 2436; x_wconf 81' lang='grc' dir='ltr'><strong><em>ἔπραξεν</em></strong></span> <span class='ocrx_word' id='word_1_124' title='bbox 1220 2350 1242 2416; x_wconf 76' lang='grc' dir='ltr'><strong><em>ἃ</em></strong></span> <span class='ocrx_word' id='word_1_125' title='bbox 1278 2350 1417 2436; x_wconf 81' lang='grc' dir='ltr'><strong><em>ἔπραξεν</em></strong></span> 
     </span>
     <span class='ocr_line' id='line_1_19' title="bbox 245 2453 388 2519; baseline 0 0"><span class='ocrx_word' id='word_1_126' title='bbox 245 2453 316 2519; x_wconf 92' lang='lat' dir='ltr'><strong>Hel.</strong></span> <span class='ocrx_word' id='word_1_127' title='bbox 336 2455 388 2519; x_wconf 79' lang='lat'><strong><em>20.</em></strong></span> 
     </span>
    </p>
   </div>
   <div class='ocr_carea' id='block_1_3' title="bbox 245 2537 1418 2733">
    <p class='ocr_par' dir='ltr' id='par_1_14' title="bbox 245 2537 1418 2733">
     <span class='ocr_line' id='line_1_20' title="bbox 335 2537 1418 2649; baseline 0.002 -22"><span class='ocrx_word' id='word_1_128' title='bbox 335 2561 352 2627; x_wconf 87' lang='grc' dir='ltr'>ὁ</span> <span class='ocrx_word' id='word_1_129' title='bbox 393 2564 573 2649; x_wconf 85' lang='grc' dir='ltr'><strong><em>κατήγορος</em></strong></span> <span class='ocrx_word' id='word_1_130' title='bbox 614 2562 773 2647; x_wconf 78' lang='grc' dir='ltr'><strong><em>οὐδεμίαν</em></strong></span> <span class='ocrx_word' id='word_1_131' title='bbox 815 2537 984 2642; x_wconf 76' lang='grc' dir='ltr'><strong><em>ἀπόδειξιν</em></strong></span> <span class='ocrx_word' id='word_1_132' title='bbox 1024 2570 1155 2648; x_wconf 87' lang='grc' dir='ltr'><strong><em>είρηκεν</em></strong></span> <span class='ocrx_word' id='word_1_133' title='bbox 1196 2558 1243 2629; x_wconf 83' lang='grc' dir='ltr'><strong><em>ὧν</em></strong></span> <span class='ocrx_word' id='word_1_134' title='bbox 1289 2570 1418 2649; x_wconf 77' lang='grc' dir='ltr'><strong><em>εἴρηκεν</em></strong></span> 
     </span>
     <span class='ocr_line' id='line_1_21' title="bbox 245 2667 382 2733; baseline -0.007 0"><span class='ocrx_word' id='word_1_135' title='bbox 245 2667 312 2733; x_wconf 83' lang='lat' dir='ltr'><strong>Pal.</strong></span> <span class='ocrx_word' id='word_1_136' title='bbox 332 2669 382 2733; x_wconf 78' lang='lat'><strong><em>29.</em></strong></span> 
     </span>
    </p>
   </div>
   <div class='ocr_carea' id='block_1_4' title="bbox 247 2773 1419 2969">
    <p class='ocr_par' dir='ltr' id='par_1_15' title="bbox 247 2773 1419 2969">
     <span class='ocr_line' id='line_1_22' title="bbox 334 2773 1419 2863; baseline 0.004 -23"><span class='ocrx_word' id='word_1_137' title='bbox 334 2773 388 2863; x_wconf 87' lang='lat' dir='ltr'><strong>(ef.</strong></span> <span class='ocrx_word' id='word_1_138' title='bbox 413 2778 486 2862; x_wconf 87' lang='grc' dir='ltr'><strong><em>ἔσχε</em></strong></span> <span class='ocrx_word' id='word_1_139' title='bbox 504 2779 541 2842; x_wconf 89' lang='grc' dir='ltr'><strong><em>τὸ</em></strong></span> <span class='ocrx_word' id='word_1_140' title='bbox 566 2779 702 2844; x_wconf 69' lang='grc' dir='ltr'><strong><em>ἰσόθεον</em></strong></span> <span class='ocrx_word' id='word_1_141' title='bbox 724 2778 855 2863; x_wconf 92' lang='grc' dir='ltr'><strong><em>κάλλος,</em></strong></span> <span class='ocrx_word' id='word_1_142' title='bbox 880 2777 899 2843; x_wconf 83' lang='grc' dir='ltr'><strong>δ</strong></span> <span class='ocrx_word' id='word_1_143' title='bbox 922 2782 1070 2863; x_wconf 82' lang='grc' dir='ltr'><strong><em>λαβοῦσα</em></strong></span> <span class='ocrx_word' id='word_1_144' title='bbox 1095 2776 1176 2860; x_wconf 76' lang='grc' dir='ltr'><strong><em>[καὶ]</em></strong></span> <span class='ocrx_word' id='word_1_145' title='bbox 1201 2777 1242 2844; x_wconf 88' lang='grc' dir='ltr'><strong><em>οὐ</em></strong></span> <span class='ocrx_word' id='word_1_146' title='bbox 1265 2784 1419 2844; x_wconf 68' lang='grc' dir='ltr'><strong><em>λαθοῦσα</em></strong></span> 
     </span>
     <span class='ocr_line' id='line_1_23' title="bbox 247 2878 479 2969; baseline -0.004 -21"><span class='ocrx_word' id='word_1_147' title='bbox 247 2878 319 2968; x_wconf 83' lang='grc' dir='ltr'><strong><em>ἔσχε</em></strong></span> <span class='ocrx_word' id='word_1_148' title='bbox 343 2882 415 2949; x_wconf 91' lang='lat' dir='ltr'><strong>Hel.</strong></span> <span class='ocrx_word' id='word_1_149' title='bbox 434 2881 479 2969; x_wconf 85' lang='grc'><strong><em>4.)</em></strong></span> 
     </span>
    </p>
   </div>
   <div class='ocr_carea' id='block_1_5' title="bbox 223 2989 1421 4466">
    <p class='ocr_par' dir='ltr' id='par_1_16' title="bbox 223 2989 1420 3824">
     <span class='ocr_line' id='line_1_24' title="bbox 335 2989 1418 3077; baseline 0.002 -23"><span class='ocrx_word' id='word_1_150' title='bbox 335 2989 423 3066; x_wconf 84' lang='lat' dir='ltr'><strong>Quae</strong></span> <span class='ocrx_word' id='word_1_151' title='bbox 446 2990 586 3054; x_wconf 74' lang='lat' dir='ltr'><strong>elocutio</strong></span> <span class='ocrx_word' id='word_1_152' title='bbox 611 3011 630 3054; x_wconf 84' lang='lat' dir='ltr'><strong>a</strong></span> <span class='ocrx_word' id='word_1_153' title='bbox 652 2991 775 3077; x_wconf 68' lang='lat' dir='ltr'><strong>tragica</strong></span> <span class='ocrx_word' id='word_1_154' title='bbox 797 2991 929 3056; x_wconf 75' lang='lat' dir='ltr'><strong>lieentia</strong></span> <span class='ocrx_word' id='word_1_155' title='bbox 952 2995 1081 3075; x_wconf 74' lang='lat' dir='ltr'><strong>sumpta</strong></span> <span class='ocrx_word' id='word_1_156' title='bbox 1109 3013 1177 3056; x_wconf 91' lang='lat' dir='ltr'><strong>esse</strong></span> <span class='ocrx_word' id='word_1_157' title='bbox 1205 2992 1338 3057; x_wconf 76' lang='lat' dir='ltr'><strong>videtur.</strong></span> <span class='ocrx_word' id='word_1_158' title='bbox 1380 2993 1418 3056; x_wconf 85' lang='lat' dir='ltr'><strong><em>of.</em></strong></span> 
     </span>
     <span class='ocr_line' id='line_1_25' title="bbox 246 3093 1418 3183; baseline 0.002 -23"><span class='ocrx_word' id='word_1_159' title='bbox 246 3094 545 3183; x_wconf 75' lang='lat' dir='ltr'><strong>Aesoh.Ag.1241</strong></span> <span class='ocrx_word' id='word_1_160' title='bbox 581 3093 682 3162; x_wconf 81' lang='grc' dir='ltr'><strong><em>Ἰλίου</em></strong></span> <span class='ocrx_word' id='word_1_161' title='bbox 718 3100 817 3164; x_wconf 91' lang='grc' dir='ltr'><strong><em>πόλιν</em></strong></span> <span class='ocrx_word' id='word_1_162' title='bbox 853 3095 1024 3183; x_wconf 85' lang='grc' dir='ltr'><strong><em>πράξασαν</em></strong></span> <span class='ocrx_word' id='word_1_163' title='bbox 1062 3099 1106 3174; x_wconf 82' lang='grc' dir='ltr'><strong><em>ὡς</em></strong></span> <span class='ocrx_word' id='word_1_164' title='bbox 1142 3097 1295 3183; x_wconf 84' lang='grc' dir='ltr'><strong><em>ἔπραξεν,</em></strong></span> <span class='ocrx_word' id='word_1_165' title='bbox 1333 3097 1418 3162; x_wconf 86' lang='grc'><strong><em>1348</em></strong></span> 
     </span>
     <span class='ocr_line' id='line_1_26' title="bbox 246 3197 1420 3290; baseline 0.003 -23"><span class='ocrx_word' id='word_1_166' title='bbox 246 3201 384 3288; x_wconf 88' lang='grc' dir='ltr'><strong><em>χαίροιτ’</em></strong></span> <span class='ocrx_word' id='word_1_167' title='bbox 416 3204 474 3286; x_wconf 85' lang='grc' dir='ltr'><strong><em>άν,</em></strong></span> <span class='ocrx_word' id='word_1_168' title='bbox 501 3205 532 3268; x_wconf 86' lang='grc' dir='ltr'><strong><em>εί</em></strong></span> <span class='ocrx_word' id='word_1_169' title='bbox 553 3207 715 3288; x_wconf 91' lang='grc' dir='ltr'><strong><em>χαίροιτε,</em></strong></span> <span class='ocrx_word' id='word_1_170' title='bbox 746 3203 843 3288; x_wconf 80' lang='lat' dir='ltr'><strong>Soph.</strong></span> <span class='ocrx_word' id='word_1_171' title='bbox 865 3197 941 3269; x_wconf 87' lang='lat' dir='ltr'><strong>Oed.</strong></span> <span class='ocrx_word' id='word_1_172' title='bbox 960 3204 998 3269; x_wconf 89' lang='lat' dir='ltr'><strong><em>R.</em></strong></span> <span class='ocrx_word' id='word_1_173' title='bbox 1019 3205 1105 3270; x_wconf 79' lang='grc'><strong><em>1316</em></strong></span> <span class='ocrx_word' id='word_1_174' title='bbox 1128 3202 1304 3290; x_wconf 82' lang='grc' dir='ltr'><strong><em>βλαστοῦσ’</em></strong></span> <span class='ocrx_word' id='word_1_175' title='bbox 1332 3204 1420 3282; x_wconf 80' lang='grc' dir='ltr'><strong><em>ὅπως</em></strong></span> 
     </span>
     <span class='ocr_line' id='line_1_27' title="bbox 247 3307 1420 3395; baseline 0.002 -21"><span class='ocrx_word' id='word_1_176' title='bbox 247 3312 392 3393; x_wconf 81' lang='grc' dir='ltr'><strong><em>ἔβλαστε,</em></strong></span> <span class='ocrx_word' id='word_1_177' title='bbox 417 3308 491 3375; x_wconf 89' lang='lat' dir='ltr'><strong>Oed.</strong></span> <span class='ocrx_word' id='word_1_178' title='bbox 512 3307 578 3375; x_wconf 81' lang='lat'>001.</span> <span class='ocrx_word' id='word_1_179' title='bbox 598 3310 663 3374; x_wconf 78' lang='grc'><strong><em>273</em></strong></span> <span class='ocrx_word' id='word_1_180' title='bbox 683 3311 801 3395; x_wconf 87' lang='grc' dir='ltr'><strong><em>ίκόμην</em></strong></span> <span class='ocrx_word' id='word_1_181' title='bbox 824 3309 869 3376; x_wconf 78' lang='grc' dir='ltr'><strong><em>ἵν’</em></strong></span> <span class='ocrx_word' id='word_1_182' title='bbox 892 3311 1022 3395; x_wconf 87' lang='grc' dir='ltr'><strong><em>ίκόμην,</em></strong></span> <span class='ocrx_word' id='word_1_183' title='bbox 1045 3311 1110 3376; x_wconf 90' lang='grc'><strong><em>336</em></strong></span> <span class='ocrx_word' id='word_1_184' title='bbox 1135 3309 1194 3376; x_wconf 81' lang='grc' dir='ltr'><strong><em>είσ’</em></strong></span> <span class='ocrx_word' id='word_1_185' title='bbox 1221 3307 1323 3394; x_wconf 87' lang='grc' dir='ltr'><strong><em>οὗπερ</em></strong></span> <span class='ocrx_word' id='word_1_186' title='bbox 1343 3314 1420 3392; x_wconf 87' lang='grc' dir='ltr'><strong><em>είσί,</em></strong></span> 
     </span>
     <span class='ocr_line' id='line_1_28' title="bbox 246 3414 1419 3505; baseline 0.003 -25"><span class='ocrx_word' id='word_1_187' title='bbox 246 3415 321 3480; x_wconf 81' lang='lat' dir='ltr'><strong>Eur.</strong></span> <span class='ocrx_word' id='word_1_188' title='bbox 341 3415 391 3481; x_wconf 79' lang='lat' dir='ltr'><strong><em>El.</em></strong></span> <span class='ocrx_word' id='word_1_189' title='bbox 412 3416 454 3480; x_wconf 81' lang='lat'><strong><em>85</em></strong></span> <span class='ocrx_word' id='word_1_190' title='bbox 478 3414 664 3502; x_wconf 75' lang='grc' dir='ltr'><strong><em>πράσσονθ’</em></strong></span> <span class='ocrx_word' id='word_1_191' title='bbox 692 3417 712 3482; x_wconf 79' lang='grc' dir='ltr'><strong><em>ἃ</em></strong></span> <span class='ocrx_word' id='word_1_192' title='bbox 735 3418 871 3501; x_wconf 88' lang='grc' dir='ltr'><strong><em>πράσσω</em></strong></span> <span class='ocrx_word' id='word_1_193' title='bbox 894 3415 952 3505; x_wconf 87' lang='grc'><strong><em>(--</em></strong></span> <span class='ocrx_word' id='word_1_194' title='bbox 970 3417 1040 3502; x_wconf 90' lang='lat' dir='ltr'><strong>Iph.</strong></span> <span class='ocrx_word' id='word_1_195' title='bbox 1060 3417 1153 3483; x_wconf 82' lang='lat' dir='ltr'><strong>Taur.</strong></span> <span class='ocrx_word' id='word_1_196' title='bbox 1173 3414 1263 3504; x_wconf 78' lang='lat'><strong>692),</strong></span> <span class='ocrx_word' id='word_1_197' title='bbox 1285 3417 1334 3482; x_wconf 75' lang='lat' dir='ltr'><strong><em>nl.</em></strong></span> <span class='ocrx_word' id='word_1_198' title='bbox 1354 3418 1419 3483; x_wconf 80' lang='grc'><strong><em>289</em></strong></span> 
     </span>
     <span class='ocr_line' id='line_1_29' title="bbox 223 3522 1419 3608; baseline 0.003 -21"><span class='ocrx_word' id='word_1_199' title='bbox 223 3536 225 3542; x_wconf 87' lang='grc'><strong>’</strong></span> <span class='ocrx_word' id='word_1_200' title='bbox 248 3526 385 3605; x_wconf 83' lang='grc' dir='ltr'><strong><em>ἔκυρσεν</em></strong></span> <span class='ocrx_word' id='word_1_201' title='bbox 409 3525 453 3600; x_wconf 79' lang='grc' dir='ltr'><strong><em>ὡς</em></strong></span> <span class='ocrx_word' id='word_1_202' title='bbox 476 3525 626 3607; x_wconf 85' lang='grc' dir='ltr'><strong><em>ἔκυρσεν,</em></strong></span> <span class='ocrx_word' id='word_1_203' title='bbox 648 3523 718 3608; x_wconf 89' lang='lat' dir='ltr'><strong>Iph.</strong></span> <span class='ocrx_word' id='word_1_204' title='bbox 738 3522 772 3587; x_wconf 83' lang='grc' dir='ltr'><strong><em>Τ.</em></strong></span> <span class='ocrx_word' id='word_1_205' title='bbox 793 3523 858 3589; x_wconf 82' lang='grc'><strong><em>675</em></strong></span> <span class='ocrx_word' id='word_1_206' title='bbox 882 3527 1007 3590; x_wconf 89' lang='grc' dir='ltr'><strong><em>όλωλεν</em></strong></span> <span class='ocrx_word' id='word_1_207' title='bbox 1031 3526 1075 3602; x_wconf 81' lang='grc' dir='ltr'><strong><em>ὡς</em></strong></span> <span class='ocrx_word' id='word_1_208' title='bbox 1105 3527 1225 3606; x_wconf 88' lang='grc' dir='ltr'><strong><em>όλωλε,</em></strong></span> <span class='ocrx_word' id='word_1_209' title='bbox 1252 3524 1334 3590; x_wconf 88' lang='lat' dir='ltr'><strong>Med.</strong></span> <span class='ocrx_word' id='word_1_210' title='bbox 1355 3525 1419 3590; x_wconf 84' lang='lat'><strong><em>889</em></strong></span> 
     </span>
     <span class='ocr_line' id='line_1_30' title="bbox 247 3621 1420 3715; baseline 0.003 -22"><span class='ocrx_word' id='word_1_211' title='bbox 247 3627 319 3694; x_wconf 82' lang='grc' dir='ltr'><strong><em>ἀλλ’</em></strong></span> <span class='ocrx_word' id='word_1_212' title='bbox 340 3625 437 3715; x_wconf 80' lang='grc' dir='ltr'><strong><em>ἔσμέν</em></strong></span> <span class='ocrx_word' id='word_1_213' title='bbox 458 3621 531 3696; x_wconf 89' lang='grc' dir='ltr'><strong><em>οἷόν</em></strong></span> <span class='ocrx_word' id='word_1_214' title='bbox 554 3629 663 3714; x_wconf 86' lang='grc' dir='ltr'><strong><em>ἔσμεν,</em></strong></span> <span class='ocrx_word' id='word_1_215' title='bbox 687 3629 739 3695; x_wconf 89' lang='lat' dir='ltr'><strong><em>Or.</em></strong></span> <span class='ocrx_word' id='word_1_216' title='bbox 755 3631 797 3696; x_wconf 76' lang='lat'><strong><em>79</em></strong></span> <span class='ocrx_word' id='word_1_217' title='bbox 822 3628 950 3697; x_wconf 84' lang='grc' dir='ltr'><strong><em>ἔπλευσ’</em></strong></span> <span class='ocrx_word' id='word_1_218' title='bbox 974 3632 1061 3708; x_wconf 85' lang='grc' dir='ltr'><strong><em>ὅπως</em></strong></span> <span class='ocrx_word' id='word_1_219' title='bbox 1079 3635 1231 3714; x_wconf 81' lang='grc' dir='ltr'><strong><em>ἔπλευσα,</em></strong></span> <span class='ocrx_word' id='word_1_220' title='bbox 1255 3631 1320 3696; x_wconf 88' lang='grc'><strong><em>660</em></strong></span> <span class='ocrx_word' id='word_1_221' title='bbox 1340 3631 1420 3715; x_wconf 84' lang='grc' dir='ltr'><strong><em>ἐμοῦ</em></strong></span> 
     </span>
     <span class='ocr_line' id='line_1_31' title="bbox 246 3736 1279 3824; baseline 0.002 -24"><span class='ocrx_word' id='word_1_222' title='bbox 246 3736 453 3820; x_wconf 84' lang='grc' dir='ltr'><strong><em>πράσσοντος</em></strong></span> <span class='ocrx_word' id='word_1_223' title='bbox 476 3738 520 3813; x_wconf 85' lang='grc' dir='ltr'><strong><em>ὡς</em></strong></span> <span class='ocrx_word' id='word_1_224' title='bbox 543 3737 691 3821; x_wconf 86' lang='grc' dir='ltr'><strong><em>πράσσω,</em></strong></span> <span class='ocrx_word' id='word_1_225' title='bbox 714 3737 788 3802; x_wconf 82' lang='lat' dir='ltr'><strong>Tro.</strong></span> <span class='ocrx_word' id='word_1_226' title='bbox 808 3738 873 3802; x_wconf 86' lang='grc'><strong><em>630</em></strong></span> <span class='ocrx_word' id='word_1_227' title='bbox 897 3739 1022 3804; x_wconf 90' lang='grc' dir='ltr'><strong><em>όλωλεν</em></strong></span> <span class='ocrx_word' id='word_1_228' title='bbox 1045 3739 1089 3814; x_wconf 83' lang='grc' dir='ltr'><strong><em>ὡς</em></strong></span> <span class='ocrx_word' id='word_1_229' title='bbox 1112 3736 1279 3824; x_wconf 62' lang='grc' dir='ltr'><strong><em>όλωλενῑ).</em></strong></span> 
     </span>
    </p>

    <p class='ocr_par' dir='ltr' id='par_1_17' title="bbox 247 3842 1421 4466">
     <span class='ocr_line' id='line_1_32' title="bbox 337 3842 1421 3932; baseline 0.001 -24"><span class='ocrx_word' id='word_1_230' title='bbox 337 3842 423 3920; x_wconf 82' lang='lat' dir='ltr'><strong>Quae</strong></span> <span class='ocrx_word' id='word_1_231' title='bbox 439 3843 596 3908; x_wconf 78' lang='lat' dir='ltr'><strong>Herodoii</strong></span> <span class='ocrx_word' id='word_1_232' title='bbox 616 3865 688 3908; x_wconf 93' lang='lat' dir='ltr'><strong><em>oum</em></strong></span> <span class='ocrx_word' id='word_1_233' title='bbox 707 3845 772 3909; x_wconf 88' lang='lat' dir='ltr'><strong>illis</strong></span> <span class='ocrx_word' id='word_1_234' title='bbox 791 3846 905 3931; x_wconf 83' lang='lat' dir='ltr'><strong>figuris</strong></span> <span class='ocrx_word' id='word_1_235' title='bbox 925 3843 1071 3932; x_wconf 80' lang='lat' dir='ltr'><strong>Gorgieis</strong></span> <span class='ocrx_word' id='word_1_236' title='bbox 1090 3845 1269 3928; x_wconf 77' lang='lat' dir='ltr'><strong>comparari</strong></span> <span class='ocrx_word' id='word_1_237' title='bbox 1287 3843 1421 3929; x_wconf 76' lang='lat' dir='ltr'><strong>possint,</strong></span> 
     </span>
     <span class='ocr_line' id='line_1_33' title="bbox 247 3949 1420 4036; baseline 0 -22"><span class='ocrx_word' id='word_1_238' title='bbox 247 3971 378 4034; x_wconf 86' lang='lat' dir='ltr'><strong>prorsus</strong></span> <span class='ocrx_word' id='word_1_239' title='bbox 402 3973 453 4013; x_wconf 90' lang='lat' dir='ltr'><strong>me</strong></span> <span class='ocrx_word' id='word_1_240' title='bbox 476 3952 624 4036; x_wconf 82' lang='lat' dir='ltr'><strong>ignorare</strong></span> <span class='ocrx_word' id='word_1_241' title='bbox 647 3953 809 4015; x_wconf 77' lang='lat' dir='ltr'><strong>confiteor.</strong></span> <span class='ocrx_word' id='word_1_242' title='bbox 856 3949 919 4027; x_wconf 82' lang='lat' dir='ltr'><strong><em>Qui</em></strong></span> <span class='ocrx_word' id='word_1_243' title='bbox 941 3973 1117 4034; x_wconf 79' lang='lat' dir='ltr'><strong>numquam</strong></span> <span class='ocrx_word' id='word_1_244' title='bbox 1140 3954 1235 4035; x_wconf 76' lang='lat' dir='ltr'><strong>certe,</strong></span> <span class='ocrx_word' id='word_1_245' title='bbox 1257 3955 1294 4015; x_wconf 72' lang='lat' dir='ltr'><strong><em>ui</em></strong></span> <span class='ocrx_word' id='word_1_246' title='bbox 1316 3951 1420 4016; x_wconf 87' lang='lat' dir='ltr'><strong>inanis</strong></span> 
     </span>
     <span class='ocr_line' id='line_1_34' title="bbox 248 4057 1420 4142; baseline 0.001 -22"><span class='ocrx_word' id='word_1_247' title='bbox 248 4057 303 4121; x_wconf 82' lang='lat' dir='ltr'><strong>ffle</strong></span> <span class='ocrx_word' id='word_1_248' title='bbox 331 4057 502 4123; x_wconf 84' lang='lat' dir='ltr'><strong>vorborum</strong></span> <span class='ocrx_word' id='word_1_249' title='bbox 530 4057 668 4122; x_wconf 76' lang='lat' dir='ltr'><strong>tinniius</strong></span> <span class='ocrx_word' id='word_1_250' title='bbox 697 4058 877 4142; x_wconf 76' lang='lat' dir='ltr'><strong>exsisteret,</strong></span> <span class='ocrx_word' id='word_1_251' title='bbox 909 4059 1064 4124; x_wconf 86' lang='lat' dir='ltr'><strong>voeabula</strong></span> <span class='ocrx_word' id='word_1_252' title='bbox 1095 4057 1190 4142; x_wconf 87' lang='lat' dir='ltr'><strong>plane</strong></span> <span class='ocrx_word' id='word_1_253' title='bbox 1220 4058 1348 4123; x_wconf 69' lang='lat' dir='ltr'><strong>inutilia</strong></span> <span class='ocrx_word' id='word_1_254' title='bbox 1375 4058 1420 4121; x_wconf 93' lang='lat' dir='ltr'><strong><em>in-</em></strong></span> 
     </span>
     <span class='ocr_line' id='line_1_35' title="bbox 249 4164 1420 4250; baseline 0.001 -22"><span class='ocrx_word' id='word_1_255' title='bbox 249 4164 361 4250; x_wconf 74' lang='lat' dir='ltr'><strong>seruii5</strong></span> <span class='ocrx_word' id='word_1_256' title='bbox 399 4164 454 4229; x_wconf 85' lang='lat' dir='ltr'><strong>sed</strong></span> <span class='ocrx_word' id='word_1_257' title='bbox 490 4164 618 4229; x_wconf 70' lang='lat' dir='ltr'><strong>inscitia</strong></span> <span class='ocrx_word' id='word_1_258' title='bbox 655 4166 790 4250; x_wconf 87' lang='lat' dir='ltr'><strong>quadem</strong></span> <span class='ocrx_word' id='word_1_259' title='bbox 829 4165 939 4230; x_wconf 87' lang='lat' dir='ltr'><strong>eadem</strong></span> <span class='ocrx_word' id='word_1_260' title='bbox 970 4165 1127 4230; x_wconf 85' lang='lat' dir='ltr'><strong>voeabula</strong></span> <span class='ocrx_word' id='word_1_261' title='bbox 1158 4188 1252 4250; x_wconf 85' lang='lat' dir='ltr'><strong>saepe</strong></span> <span class='ocrx_word' id='word_1_262' title='bbox 1284 4165 1420 4230; x_wconf 73' lang='lat' dir='ltr'><strong>iteravit.</strong></span> 
     </span>
     <span class='ocr_line' id='line_1_36' title="bbox 249 4268 1420 4359; baseline 0.001 -25"><span class='ocrx_word' id='word_1_263' title='bbox 249 4268 336 4346; x_wconf 81' lang='lat' dir='ltr'><strong>Quae</strong></span> <span class='ocrx_word' id='word_1_264' title='bbox 359 4271 521 4355; x_wconf 77' lang='lat' dir='ltr'><strong>imperitia</strong></span> <span class='ocrx_word' id='word_1_265' title='bbox 542 4272 637 4336; x_wconf 79' lang='lat' dir='ltr'><strong>facile</strong></span> <span class='ocrx_word' id='word_1_266' title='bbox 659 4276 768 4355; x_wconf 76' lang='lat' dir='ltr'><strong>potesi</strong></span> <span class='ocrx_word' id='word_1_267' title='bbox 790 4271 965 4337; x_wconf 76' lang='lat' dir='ltr'><strong>iniernosei</strong></span> <span class='ocrx_word' id='word_1_268' title='bbox 983 4295 1002 4336; x_wconf 86' lang='lat' dir='ltr'><strong>a</strong></span> <span class='ocrx_word' id='word_1_269' title='bbox 1022 4270 1159 4359; x_wconf 80' lang='lat' dir='ltr'><strong>Gorgiae</strong></span> <span class='ocrx_word' id='word_1_270' title='bbox 1181 4273 1420 4356; x_wconf 85' lang='lat' dir='ltr'><strong>paronomasies</strong></span> 
     </span>
     <span class='ocr_line' id='line_1_37' title="bbox 250 4376 1421 4466; baseline 0 -24"><span class='ocrx_word' id='word_1_271' title='bbox 250 4376 408 4442; x_wconf 85' lang='lat' dir='ltr'><strong>scribendi</strong></span> <span class='ocrx_word' id='word_1_272' title='bbox 440 4376 556 4442; x_wconf 74' lang='lat' dir='ltr'><strong>studio.</strong></span> <span class='ocrx_word' id='word_1_273' title='bbox 600 4377 785 4442; x_wconf 69' lang='lat' dir='ltr'><strong>Herodotus</strong></span> <span class='ocrx_word' id='word_1_274' title='bbox 818 4379 919 4464; x_wconf 68' lang='lat' dir='ltr'><strong>igitur</strong></span> <span class='ocrx_word' id='word_1_275' title='bbox 950 4379 984 4442; x_wconf 92' lang='lat' dir='ltr'><strong><em>in</em></strong></span> <span class='ocrx_word' id='word_1_276' title='bbox 1016 4378 1073 4443; x_wconf 92' lang='lat' dir='ltr'><strong>illa</strong></span> <span class='ocrx_word' id='word_1_277' title='bbox 1103 4381 1208 4466; x_wconf 85' lang='lat' dir='ltr'><strong>figura</strong></span> <span class='ocrx_word' id='word_1_278' title='bbox 1238 4379 1421 4464; x_wconf 85' lang='lat' dir='ltr'><strong>usurpanda</strong></span> 
     </span>
    </p>
   </div>
   <div class='ocr_carea' id='block_1_6' title="bbox 339 4603 918 4679">
    <p class='ocr_par' dir='ltr' id='par_1_18' title="bbox 339 4603 918 4679">
     <span class='ocr_line' id='line_1_38' title="bbox 339 4603 918 4679; baseline 0.009 -22"><span class='ocrx_word' id='word_1_279' title='bbox 339 4605 364 4674; x_wconf 86' lang='lat'><strong><em>1)</em></strong></span> <span class='ocrx_word' id='word_1_280' title='bbox 384 4603 418 4658; x_wconf 82' lang='lat' dir='ltr'><strong><em>of.</em></strong></span> <span class='ocrx_word' id='word_1_281' title='bbox 438 4604 586 4662; x_wconf 83' lang='lat' dir='ltr'><strong>Wecklein</strong></span> <span class='ocrx_word' id='word_1_282' title='bbox 605 4607 642 4660; x_wconf 87' lang='lat' dir='ltr'><strong>ad</strong></span> <span class='ocrx_word' id='word_1_283' title='bbox 660 4605 918 4679; x_wconf 77' lang='lat' dir='ltr'><strong>Aesoh.Ag.1170.</strong></span> 
     </span>
    </p>
   </div>
   <div class='ocr_carea' id='block_1_7' title="bbox 0 0 1770 5325">
    <p class='ocr_par' dir='ltr' id='par_1_19' title="bbox 0 0 1770 5325">
     <span class='ocr_line' id='line_1_39' title="bbox 0 0 1770 5325; baseline 0 0"><span class='ocrx_word' id='word_1_284' title='bbox 0 0 1770 5325; x_wconf 95' lang='lat' dir='ltr'><strong><em> </em></strong></span> 
     </span>
    </p>
   </div>
  </div>
 </body>
</html>
