3509 5325
833 479 1055 549 ...ςς-

448 643 485 711 ἓν
506 646 543 710 τὸ
563 648 672 729 σοφὸν
691 654 819 729 μοῦνον
838 642 995 727 λέγεσθαι
1013 643 1075 709 οὐκ
1094 642 1202 709 ἐθέλει
1222 640 1276 709 κα)
1296 639 1405 709 ἐθέλει
1425 644 1531 725 Ζηνὸς

360 752 465 836 ὄνομα
488 753 549 839 frg.
568 751 612 816 32
621 752 659 817 D.
682 750 771 817 6513.

447 861 549 943 νόμος
571 855 626 924 κα)
648 862 754 944 βουλή
777 863 957 923 πείθεσθαι
981 855 1056 934 ἑνός
1078 857 1138 942 frg.
1158 857 1201 921 33
1211 856 1249 921 D.
1271 856 1336 921 110
1344 856 1381 921 Β.

448 965 545 1049 φάτις
567 964 718 1032 αὐτοῖσιν
741 976 903 1049 μαρτυρεῖ
922 965 984 1050 frg.
1003 964 1047 1028 34
1057 962 1095 1028 D.
1115 963 1182 1027 3B.

448 1080 593 1157 ψυχῇσιυ
620 1072 767 1148 θάνατος
793 1071 887 1155 ὕδωρ
915 1068 1086 1155 γενέσθαι,
1112 1070 1209 1135 ὕδατι
1236 1066 1272 1135 δὲ
1298 1069 1447 1146 θάνατος
1468 1078 1531 1152 γῆν

361 1176 518 1262 γενέσθαι
541 1179 602 1264 frg.
621 1177 713 1243 361).
733 1177 775 1242 68
786 1177 821 1243 Β,

448 1289 639 1369 πολυμαθίη
663 1288 744 1351 νόον
768 1286 900 1370 (ἔχειν)
922 1284 963 1349 ού
988 1284 1136 1350 διδάσκει
1159 1284 1220 1370 frg.
1239 1282 1331 1348 401).
1352 1284 1393 1349 16
1404 1282 1440 1348 Β.

450 1386 536 1457 εἶναι
559 1392 623 1475 γάρ
647 1392 684 1455 ἓν
707 1394 744 1457 τὸ
768 1394 887 1475 σοφόν,
910 1390 1107 1456 ἐπίστασθαι
1130 1392 1277 1475 γνώμην,
1300 1387 1374 1473 ὁτέη
1399 1387 1531 1473 ἐκυβέρ-

360 1516 438 1581 νησε
462 1498 569 1562 πάντα
594 1498 649 1563 διά
672 1498 805 1563 πάυτων
828 1498 889 1582 frg.
908 1497 950 1561 41
962 1495 1000 1561 D.
1023 1498 1063 1562 19
1074 1497 1110 1562 B.

450 1612 495 1690 τῷ
517 1598 579 1669 οὖν
598 1602 680 1692 τόξφ
700 1605 804 1689 ὄνομα
823 1608 908 1688 βίος,
931 1607 1030 1688 ἔργον
1050 1602 1086 1669 δὲ
1105 1604 1252 1680 θάνατος
1269 1603 1330 1689 frg.
1344 1601 1432 1667 48]).
1447 1601 1531 1667 66Β.

449 1711 533 1775 αίὼν
556 1721 632 1786 παῖς
655 1709 723 1775 έστι
746 1714 882 1793 παίζων,
904 1712 1083 1776 πεττεύων·
1108 1710 1226 1787 παιδὸς
1248 1710 1269 1793 ἡ
1292 1713 1448 1794 βασιληίη
1471 1709 1531 1794 frg.

362 1816 454 1881 521).
475 1814 563 1880 7913.

450 1925 592 2006 πόλεμος
615 1923 748 1988 πάντων
771 1918 833 2008 μὲν
853 1926 960 2008 πατήρ
979 1922 1058 2005 ἐστι,
1081 1923 1215 1990 πάντων
1234 1919 1271 1987 δέ
1288 1924 1454 2006 βασιλεύς,
1477 1921 1531 1986 καὶ

360 2031 438 2106 τοὺς
466 2024 528 2112 μὲν
551 2032 653 2104 θεοὺς
676 2027 777 2107 ἔδειξε
802 2033 878 2107 τοὺς
902 2026 939 2095 δὲ
963 2030 1178 2112 ἀνθρώπους,
1206 2028 1284 2107 τοὺς
1306 2025 1367 2114 μέν
1391 2030 1534 2103 δούλους

363 2134 496 2218 ἐποίησε
519 2137 596 2211 τοὺς
618 2131 655 2200 δέ
679 2134 876 2220 ἐλευθέρους
900 2136 959 2221 frg.
979 2133 1072 2200 531).
1090 2135 1180 2199 44Β.

450 2242 489 2306 τά
513 2239 550 2306 δέ
573 2241 681 2307 πάντα
704 2243 839 2320 οίακίζει
862 2245 1023 2323 κεραυνός
1045 2242 1105 2326 frg.
1125 2239 1217 2305 641).
1236 2241 1279 2305 28
1289 2240 1326 2305 B.

450 2348 557 2413 πάυτα
587 2349 650 2432 γάρ
678 2351 715 2414 τὸ
743 2358 809 2432 πῦρ
841 2347 985 2413 ἐπελθὸν
1011 2358 1120 2434 κρινεῖ
1144 2344 1199 2412 καὶ
1227 2349 1445 2430 καταλήψεται
1473 2348 1532 2432 frg.

362 2453 404 2518 66
414 2454 453 2519 D.
474 2455 516 2519 26
526 2453 563 2519 Β.

451 2554 477 2649 ᾧ
512 2563 653 2645 μάλιστα
683 2562 842 2644 διηνεκῶς
873 2561 1028 2645 ὁμιλοῦσι
1060 2563 1147 2648 λόγῳ
1180 2561 1286 2649 τούτφ
1318 2559 1533 2644 διαφέρονται

363 2670 423 2754 frg.
444 2668 485 2732 12
496 2667 534 2733 D.
554 2669 597 2733 93
606 2668 643 2733 Β.

452 2779 488 2860 ζῇ
511 2786 577 2859 πῦρ
601 2777 659 2841 τὸν
683 2772 778 2858 ἀέρος
795 2775 946 2839 θάνατον
964 2772 1019 2838 καὶ
1038 2773 1101 2860 ἀήρ
1121 2777 1156 2860 ζῇ
1176 2777 1234 2840 τὸν
1252 2775 1357 2859 πυρὸς
1375 2775 1534 2856 θάνατον,

363 2882 455 2967 ὕδωρ
480 2885 515 2966 ζῇ
539 2884 597 2947 τὸν
620 2891 680 2965 γής
702 2881 862 2963 θάυατον,
887 2891 929 2965 γῆ
953 2884 1010 2947 τὸν
1033 2881 1156 2958 ύδατος
1177 2882 1237 2967 frg.
1259 2880 1350 2945 161).
1369 2879 1412 2945 25
1422 2879 1458 2945 Β.

452 2989 546 3072 ήλιος
568 2990 631 3072 γάρ
656 2988 717 3073 οὐχ
735 2988 955 3074 ὑπερβήσεται
974 2988 1056 3073 <τά>
1074 2988 1188 3074 μέτρα·
1212 2992 1243 3054 εί
1261 2986 1297 3053 δέ
1317 2990 1373 3073 μή,
1386 2987 1534 3073 Ἐρινύες

363 3121 421 3181 μιν
444 3100 550 3180 Δίκης
573 3095 743 3180 ἐπίκουροι
767 3095 1002 3179 ἐξευρήσουσιν
1024 3096 1085 3181 frg.
1105 3094 1198 3161 941).
1216 3093 1260 3159 29
1270 3095 1306 3159 Β.

453 3201 546 3267 κακοὶ
557 3203 721 3287 μάρτυρες
730 3201 962 3286 ἀνθρώποισιν
972 3201 1142 3286 ὀφθαλμοὶ
1152 3199 1206 3266 κα)
1216 3196 1282 3266 ώτα
1290 3201 1350 3286 frg.
1358 3199 1534 3264 1071).4Β,

453 3320 563 3374 ποιεῖν
585 3310 667 3374 κατὰ
689 3308 793 3393 φύσιν
818 3308 992 3383 έπαΐουτας
1014 3308 1075 3393 frg.
1096 3307 1159 3371 112
1169 3307 1209 3372 D.
1229 3307 1291 3371 101
1302 3306 1339 3370 Β.

453 3413 631 3499 τρέφονται
656 3414 719 3497 γάρ
743 3414 863 3489 πάντες
887 3414 922 3479 οί
942 3413 1147 3498 ἀνθρώπειοι
1169 3416 1267 3498 νύμοι
1290 3414 1355 3479 ὑπὸ
1380 3413 1453 3491 ε’νὸς
1476 3421 1536 3489 τοῦ

363 3525 476 3587 θείου·
513 3531 627 3604 κρατεῖ
655 3501 717 3601 γὰρ
745 3529 906 3585 τοσοῦτον
934 3519 1055 3584 ὁκόσον
1085 3516 1194 3583 ἐθέλει
1221 3517 1275 3584 καὶ
1303 3517 1433 3606 ἐξαρκεῖ
1456 3529 1536 3584 πᾶσι

364 3625 418 3693 καὶ
441 3629 642 3711 περιγίνεται
665 3625 726 3708 frg.
747 3623 858 3688 1141).
880 3620 939 3687 91b
949 3624 984 3689 Β.

452 3728 537 3814 ήθος
560 3727 729 3817 ἀνθρώπφ
753 3730 881 3812 δαίμων
904 3728 964 3814 frg.
986 3729 1050 3793 119
1060 3729 1098 3794 Ι).
1120 3729 1181 3794 121
1192 3730 1229 3794 B.

454 3838 555 3921 φύσις
577 3837 782 3919 κρύπτεσθαι
805 3837 898 3917 φιλεῖ
918 3834 978 3920 frg.
1000 3834 1111 3898 1231).
1133 3835 1175 3900 10
1184 3837 1220 3900 Β.

453 3941 717 4024 Xenophanes.
763 3939 845 4004 ἀλλά
873 3940 973 4025 μέγας
999 3943 1121 4018 πόντος
1143 3942 1284 4025 γενέτωρ
1308 3941 1438 4025 νεφέων
1462 3941 1535 4006 ἀνέ-

365 4073 436 4132 μων
459 4071 494 4112 τε
519 4046 573 4110 καὶ
595 4057 751 4128 ποταμῶν
774 4046 836 4132 frg.
855 4045 948 4112 301).

453 4151 709 4217 Parmenides.
743 4165 809 4219 τῶν
829 4152 866 4219 δ)
880 4160 967 4238 Δίκη
986 4155 1189 4230 πολύποινος
1207 4157 1273 4239 ἔχει
1291 4153 1428 4235 κληῖδας
1442 4152 1531 4234 ἀμοι-

365 4261 446 4343 βούς
467 4258 528 4345 frg.
550 4261 579 4342 1,
599 4259 641 4323 14
650 4258 689 4324 D.

454 4363 523 4432 ἐπεὶ
553 4368 629 4431 ούτε
658 4385 694 4433 σε
722 4379 822 4452 μοίρα
848 4368 931 4451 κακή
958 4369 1150 4455 προύπεμπε
1174 4364 1312 4432 νέεσθαι
1334 4363 1428 4450 τήνδ’
1454 4365 1536 4432 ὁδόν

365 4509 409 4518 -
432 4473 516 4539 ἀλλὰ
538 4473 636 4558 θέμις
657 4498 691 4540 τε
716 4476 790 4557 δίκη
813 4498 847 4540 τε
870 4475 931 4561 frg.
953 4475 981 4561 1,
999 4474 1042 4538 26
1052 4473 1091 4538 D.

451 4578 622 4666 Ἀληθείης
645 4569 819 4659 εύκυκάέος
842 4577 978 4667 ἀτρεμὲς
999 4576 1080 4667 ἦτορ
1101 4581 1162 4666 fig.
1183 4582 1211 4667 1,
1230 4579 1272 4645 29
1283 4580 1322 4646 D.
