3509 5325
724 462 942 526 -37-

335 625 486 698 Πειθοῦς
509 619 577 686 έστι
600 619 759 698 κέλευθος
782 618 954 709 (Ἀληθείη
976 622 1039 708 γάρ
1064 620 1198 709 ὀπηδεῖ)
1221 623 1282 709 frg.
1301 624 1332 708 4,
1346 623 1375 688 4.

335 725 500 811 ἀμηχανίη
533 728 596 813 γάρ
629 726 666 793 έν
696 727 805 793 αὐτῶν
838 730 997 812 στήθεσιν
1025 729 1136 794 ἰθύνει
1162 732 1308 795 πλακτὸν
1322 733 1416 796 νόον

243 832 304 917 frg.
324 832 354 917 6,
378 832 407 899 5.
1292 860 1296 866 ¹

333 939 378 1016 ὡς
401 925 561 1025 ἀγένητον
583 939 640 1006 έὸν
663 939 717 1006 καὶ
736 940 934 1026 ἀνώλεθρόν
952 940 1042 1009 ἐστιν
1056 980 1098 989 -
1117 946 1192 1007 τίνα
1209 942 1274 1034 γδρ
1293 940 1415 1027 γένναν

247 1045 391 1129 διζήσεαι
415 1047 519 1113 αὐτοῦ
542 1047 601 1134 frg.
622 1048 651 1132 8,
674 1048 695 1112 3
719 1051 752 1113 ελ
775 1048 803 1113 6.

332 1161 391 1218 τοῦ
410 1155 535 1219 εἵνεκεν
554 1154 630 1220 οὔτε
650 1152 807 1237 γενέσθαι
827 1152 897 1220 οὔτ’
920 1154 1086 1219 όλλυσθαι
1104 1155 1204 1239 ἀνήκε
1223 1156 1297 1239 δίκη
1317 1156 1414 1240 χαλά-

244 1276 328 1324 σασα
351 1257 490 1346 πέδησιν
513 1259 574 1347 frg.
594 1260 624 1344 8,
649 1260 698 1325 13.

331 1366 472 1453 κρατερή
491 1368 553 1452 γὰρ
571 1365 715 1460 Ἀνάγκη
735 1371 887 1451 πείρατος
906 1366 943 1431 έν
963 1369 1135 1451 δεσμοῖσιν
1158 1370 1223 1453 ἔχει
1242 1368 1302 1454 frg.
1318 1368 1347 1452 8,
1361 1368 1413 1432 30.

332 1470 402 1537 ἐπεὶ
425 1476 462 1539 τό
486 1496 522 1556 γε
546 1470 649 1558 Μοῖρ’
677 1471 835 1558 ἐπέδησεν
858 1474 889 1557 8,
912 1472 964 1538 37.
1139 1495 1143 1501 ·

331 1580 375 1657 ώς
398 1579 439 1644 οὐ
462 1583 508 1664 μή
530 1577 610 1645 ποτέ
629 1584 680 1657 τίς
703 1598 739 1645 σε
762 1584 892 1665 βροτῶν
916 1580 1031 1665 γνώμη
1055 1580 1244 1666 παρελάσση
1269 1582 1298 1667 8,
1322 1579 1373 1645 61.

332 1686 457 1770 ἠελίοιο
482 1686 651 1770 λαμπάδος
674 1684 743 1770 ἔργ’
771 1684 893 1771 ἀίδηλα
918 1687 968 1772 10,
991 1688 1026 1773 23
1054 1690 1133 1773 ἔργα
1156 1710 1252 1753 τε-
1275 1691 1414 1772 σελήνης

245 1793 295 1877 10,
318 1793 348 1858 4.

329 1896 385 1965 καὶ
404 1899 550 1983 οὐρανὸν
569 1898 672 1985 ἀμφὶς
689 1903 807 1984 ἔχοντα
826 1903 927 1966 έυθεν
946 1903 1012 1986 ἔφυ
1029 1924 1064 1965 τε
1082 1897 1138 1966 καὶ
1157 1901 1202 1977 ώς
1220 1924 1278 1984 μιν
1294 1897 1411 1984 ἀγουσ’

242 2003 398 2090 ἐνέδησεν
420 2002 558 2090 Ἀνάγκη
583 2003 707 2091 πείρατ’
734 2010 822 2094 ἔχειν
846 2008 978 2092 ἀστρων
1002 2007 1053 2090 10,
1077 2006 1105 2072 5.

330 2110 394 2178 αίελ
412 2116 645 2181 παπταίνουσα
664 2115 746 2200 πρὸς
764 2113 867 2197 αὐγάς
885 2114 1010 2198 ήελίοιο
1029 2114 1090 2199 frg.
1103 2112 1144 2178 15
1159 2112 1247 2200 (εαή
1267 2111 1412 2200 σελήνη).

328 2234 517 2303 Melissus
553 2235 608 2303 καί
632 2236 700 2305 οὔτ’
729 2236 771 2304 ἀν
794 2236 951 2305 ἀπόλοιτο
971 2237 1027 2324 (sc.
1042 2241 1079 2303 τὸ
1100 2236 1171 2326 ἐὸν)
1190 2236 1281 2325 (οὔτε
1301 2240 1412 2320 μεῖζον

240 2347 365 2426 γίνοιτο
385 2346 460 2411 οὔτε
480 2341 749 2431 μετακοσμέοιτο)
770 2346 844 2410 οὔτε
865 2344 962 2428 ἀλγεῖ
972 2346 1049 2410 οὔτε
1064 2345 1195 2410 ἀνιᾶται
1209 2345 1271 2431 frg.
1283 2344 1300 2407 7
1312 2343 1411 2410 Diels.

328 2450 346 2517 ὁ
369 2452 433 2536 γάρ
456 2453 577 2537 κόσμος
601 2452 619 2516 ὁ
642 2455 791 2538 πρόσθεν
816 2450 880 2517 ἐὼν
903 2451 965 2516 οὐκ
988 2450 1176 2525 ἀπόλλυται,
1193 2450 1269 2516 ibid.

327 2554 399 2631 οὐδ’
432 2556 473 2623 ἀν
502 2560 538 2624 τὸ
566 2554 656 2641 ὑγιὲς
683 2557 824 2643 ἀλγήσαι
852 2558 1003 2623 δύναιτο·
1041 2556 1105 2625 ἀπὸ
1135 2559 1199 2642 γάρ
1226 2557 1269 2623 ἀν
1294 2559 1410 2643 ,ὄλοιτο

238 2667 275 2730 τὸ
298 2661 390 2748 ὑγιές
412 2663 466 2730 καὶ
489 2668 526 2731 τὸ
550 2662 610 2731 έόν
629 2666 705 2730 ibid.

327 2773 363 2837 τὸ
387 2767 448 2856 μὲν
471 2770 527 2837 έδν
551 2771 698 2838 ἀπώλετο
722 2765 797 2838 ibid.

327 2894 622 2984 Empedocles1).
661 2899 777 2963 ἄλλοτε
800 2893 861 2981 μέν
888 2901 1043 2980 Φιλότητι
1068 2889 1281 2981 συνερχόμεν’
1307 2898 1354 2973 είς
1374 2896 1411 2961 ’έν

1059 3004 1197 3083 ἅπαντα,

371 3112 487 3176 ἀλλοτε
495 3107 526 3174 δ’
536 3103 579 3174 αὖ
588 3105 651 3193 δίχ’
660 3108 779 3174 ἕκαστα
789 3110 1124 3200 φορεύμεναΝείκεος
1134 3105 1409 3193 &mummola

327 3224 428 3281 ταῦτα
451 3217 513 3301 γάρ
538 3211 592 3281 ίσά
614 3239 648 3281 τε
671 3216 777 3281 πάντα
800 3213 854 3280 καὶ
877 3216 973 3299 ήλικα
995 3214 1118 3298 γένναν
1141 3217 1212 3279 έασι
1316 3276 1323 3289 ,

371 3331 465 3408 τιμής
489 3319 519 3386 δ’
546 3323 648 3407 ἀλλης
670 3323 751 3388 ἀλλο
775 3319 879 3406 μέδει,
902 3322 990 3406 πάρα
1013 3319 1045 3387 δ’
1070 3317 1156 3405 ήθος
1179 3320 1314 3408 ἑκάστῳ,

371 3429 407 3494 έν
432 3425 468 3493 δέ
491 3426 582 3512 μέρει
604 3426 778 3513 κρατέουσι
802 3427 1057 3512 περιπλομένοιο
1079 3431 1215 3513 χρόνοιο
1241 3428 1291 3515 17,
1313 3426 1365 3491 27.

326 3535 478 3614 πλάζεται
493 3532 548 3621 (ευ.
562 3536 600 3600 τά
613 3537 705 3622 γυῖα)
721 3531 829 3620 ἀνδιχ’
843 3534 962 3600 ἕκαστα
976 3533 1051 3619 περὶ
1066 3533 1202 3621 ῥηγμῖνι
1216 3537 1305 3618 βίοιο
1320 3532 1409 3617 20,5.

327 3644 390 3706 σὺν
414 3639 446 3706 δ’
472 3643 530 3726 ἔβη
555 3641 591 3706 έν
617 3643 771 3724 Φιλότητι
794 3638 849 3705 καί
873 3641 1045 3726 ἀλλήλοισι
1067 3647 1221 3707 ποθείται
1245 3641 1297 3723 21,
1321 3641 1350 3704 8.

327 3752 481 3833 Σφαῖρος
495 3747 700 3832 ’κυκλοτερὴς
723 3751 821 3834 μανίη
845 3745 994 3832 περιηγέι
1017 3749 1121 3830 γαίων
1144 3746 1197 3831 27,
1219 3745 1249 3810 4.

326 3855 430 3938 αὐτὰρ
454 3851 522 3919 ἐπεὶ
545 3852 628 3938 μέγα
651 3857 773 3931 Νεῖκος
796 3851 846 3918 ένὶ
870 3852 1040 3938 μελέεσσιν
1064 3852 1218 3938 ἐθρέφθη

371 3960 404 4038 ές
426 3960 519 4043 τιμάς
542 3957 569 4024 τ’
592 3959 752 4044 ἀνόρουσε
776 3958 997 4043 τελειομένοιο
1021 3963 1155 4044 χρόνοιο
1178 3959 1231 4024 30.

325 4067 499 4152 ήπιόφριον
526 4069 705 4150 Φιλότητος
728 4064 894 4151 ἀμεμφέος
915 4067 1081 4150 ἄμβροτος
1103 4066 1188 4151 ὁρμή
1211 4065 1264 4149 35,
1290 4066 1338 4130 13.

325 4173 417 4256 ήλιος
440 4171 598 4257 ὀξυβελὴς
620 4169 676 4257 ήδ’
704 4173 831 4258 ἱλάειρα
854 4175 975 4256 σελήνη
998 4172 1051 4237 40.

326 4277 485 4362 ἀνταυγεῖ
505 4280 586 4364 πρὸς
600 4277 769 4361 Ὄλυμπον
793 4277 1006 4364 ἀταρβήτοισι
1028 4281 1217 4361 προσώποις
1239 4278 1292 4344 44.

326 4491 352 4559 1)
371 4489 406 4543 ef.
425 4488 512 4558 Diels,
531 4489 649 4561 Gorgias
667 4489 726 4544 und
744 4489 933 4559 Empedokles
951 4489 993 4543 in:
1013 4488 1155 4546 Sita-Ber.
1170 4490 1220 4545 der
1232 4489 1301 4544 berl.
1316 4489 1407 4544 Akad.

238 4582 306 4632 1884
325 4596 352 4647 p.
368 4583 427 4631 εει.
