3509 5325
808 480 1032 550 ,52-

423 641 510 711 obeo
531 646 567 711 οἵ
587 668 620 710 τε
639 645 720 728 ἡμῖν
739 651 838 710 αἴτιοι
857 643 968 723 ἕξουσι
988 646 1126 711 δούλιον
1146 646 1245 727 ζυγὸν
1263 644 1299 710 οῗ
1314 668 1350 710 τε
1368 643 1511 711 ἀναίτιοι

334 750 397 816 VH
417 751 463 835 87
483 752 533 817 12.
580 749 684 816 Stein:
708 749 755 816 ‘ot
775 774 809 816 re
829 750 972 817 ἀναίτιοι
995 751 1040 816 ist
1061 775 1124 817 nur
1148 752 1200 815 ein
1218 750 1433 816 rhetorischer
1451 750 1511 815 Zu-

335 863 401 922 satz
429 858 484 921 des
507 857 699 923 Kontrastes
727 858 859 944 wegen?
906 856 952 922 At
978 858 1076 924 verbo
1105 865 1204 924 αἴτιοι
1232 858 1353 922 Xerxes
1376 856 1511 923 Atheni-

333 985 425 1029 enses
450 965 593 1051 denotat,
622 986 703 1049 quos
731 966 905 1049 puniturus
932 969 994 1050 est,
1022 965 1119 1030 verbo
1143 964 1286 1031 ἀναίτιοι
1309 968 1415 1029 autem
1438 965 1511 1029 reli-

335 1094 414 1156 quas
442 1076 566 1157 gentes,
599 1094 679 1155 ques
707 1070 960 1136 Atheniensibus
987 1073 1081 1137 victis
1113 1072 1148 1135 in
1176 1072 1331 1136 ditionem
1358 1093 1450 1136 suam
1476 1093 1511 1134 se

336 1178 536 1243 redacturum
562 1200 630 1243 esse
653 1182 770 1263 sperat.

424 1296 511 1351 τοῖσι
534 1281 595 1369 μὲν
614 1295 783 1371 χρηστοῖσι
806 1296 874 1350 τῶν
893 1283 1083 1367 ἀνθρώπων
1103 1282 1199 1350 κακοὶ
1217 1287 1334 1352 δοῦλοι
1358 1282 1511 1369 φιλέουσι

335 1395 506 1475 γίνεσθαι,
534 1402 619 1456 τοῖσι
648 1390 684 1455 δὲ
713 1402 842 1456 κακοῖσι
865 1395 1005 1476 χρηστοί
1025 1389 1105 1457 VIII
1123 1391 1193 1475 68y
1210 1392 1240 1455 4,
1287 1389 1391 1455 Stein:
1414 1392 1510 1456 ‘rotor

338 1495 374 1563 δὲ
397 1509 527 1563 κακοῖσι
551 1501 701 1582 χρηστοί,
727 1497 798 1561 hier
820 1520 883 1561 nur
905 1498 957 1561 ein
983 1497 1199 1564 rhetorischer
1223 1496 1420 1583 cogemus
1465 1495 1511 1561 At

334 1627 375 1668 ne
398 1604 478 1669 haec
501 1604 629 1687 quidem
654 1604 802 1669 concedo.
848 1601 957 1669 Verba
985 1604 1070 1669 enim
1098 1605 1261 1688 proverbii
1289 1605 1381 1688 quasi
1403 1606 1509 1668 locum
1631 1606 1634 1609 ’
1746 1667 1747 1698 ἢ

335 1711 496 1795 obtinent,
519 1712 610 1775 cuius
633 1712 723 1795 prius
746 1711 843 1775 modo
867 1711 962 1775 colon
985 1712 1021 1775 in
1042 1711 1182 1776 Xerxem
1205 1712 1316 1775 cadere
1338 1709 1513 1775 Artemisia

335 1818 405 1902 ipsa
436 1818 527 1882 dicit:
558 1814 611 1882 σοὶ
640 1814 678 1882 δὲ
709 1817 797 1883 ἐόντι
828 1817 952 1905 ἀρίστῳ
983 1817 1117 1901 ἀνδρῶν
1145 1818 1279 1883 πάντων
1309 1814 1402 1883 κακοὶ
1431 1818 1510 1881 δοῦ-

337 1928 393 1990 λοί
414 1926 486 1989 εἰσι.

423 2028 537 2114 Itaque
566 2052 607 2095 ne
642 2052 742 2095 unum
773 2030 903 2115 quidem
938 2031 1132 2095 eontrarium
1167 2030 1202 2094 in
1231 2029 1390 2095 Herodoti
1418 2030 1510 2094 libris

334 2138 429 2202 nobis
458 2138 609 2221 occurrit,
643 2138 734 2203 cuius
764 2138 899 2203 alterum
930 2137 1025 2202 colon
1053 2139 1150 2222 plane
1179 2137 1294 2201 inutile
1323 2137 1511 2202 adiunctum

336 2248 385 2309 est
407 2248 444 2308 ut
466 2245 570 2331 figura
593 2245 734 2309 exsistam.

424 2348 458 2438 2)
491 2348 639 2416 Alterum
666 2349 729 2416 hoc
756 2355 825 2416 erat
852 2350 939 2434 quod
968 2350 1104 2437 Gorgiae
1135 2351 1222 2416 baud
1253 2372 1326 2416 raro
1354 2350 1511 2414 vocabula

334 2480 400 2523 non
430 2458 581 2541 opposita
609 2458 692 2523 inter
722 2480 755 2521 se
783 2458 817 2521 in
844 2458 1012 2524 antithetis
1040 2456 1218 2522 collocavit.
1265 2456 1362 2521 Cuius
1386 2457 1510 2542 generis

333 2564 460 2630 nullum
484 2565 615 2630 omnino
639 2565 822 2649 exemplum
845 2565 881 2629 in
897 2563 1090 2630 Herodoteis
1114 2564 1242 2649 scriptis
1265 2587 1316 2628 me
1334 2564 1512 2648 repperisse

336 2673 498 2737 confiteor.
1299 2682 1301 2687 '

425 2777 513 2854 Quae
545 2799 618 2842 cum
648 2779 694 2842 ite
724 2779 802 2862 sint,
836 2800 918 2862 quae
949 2777 1086 2865 Gorgiae
1116 2779 1349 2843 contrariorum
1381 2779 1511 2862 propria

335 2907 404 2950 esse
436 2885 588 2969 vidimus,
625 2886 710 2969 apud
742 2883 943 2950 Herodotum
979 2884 1070 2949 nullo
1107 2885 1208 2949 modo
1237 2884 1509 2970 investigavimus.

335 2989 398 3068 Qui
421 2992 486 3056 illis
504 2992 617 3076 figuris
641 2991 750 3057 eadem
774 3014 851 3057 usus
875 2996 924 3056 est
942 2992 1076 3075 ratione,
1099 3013 1163 3075 qna
1185 3014 1296 3057 omnes
1315 2989 1509 3055 Graecorum

334 3102 448 3183 poetae
472 3103 504 3164 et
527 3099 707 3182 scriptores.

659 3276 690 3342 2.
720 3285 770 3342 De
793 3286 956 3342 membris
979 3285 1189 3356 aequalibus.

425 3416 574 3503 Gorgiam
600 3440 667 3482 non
689 3419 828 3502 primum
847 3418 991 3483 membra
1013 3419 1173 3483 enuntiati
1192 3417 1378 3502 aequauisse
1396 3440 1453 3502 per
1476 3437 1509 3482 se

335 3524 546 3610 intellegitur,
572 3546 647 3588 nam
671 3525 705 3587 in
731 3525 899 3589 contrariis
921 3529 978 3590 aut
1001 3526 1035 3589 iu
1061 3525 1356 3590 enumerationibus
1379 3524 1510 3589 alterius

336 3631 399 3696 coh'
422 3653 486 3695 vox
509 3629 595 3694 haud
621 3652 694 3695 raro
718 3631 891 3715 respondet
912 3631 1045 3695 alterius
1068 3632 1149 3697 voci.
1194 3630 1381 3717 Gorgieae
1403 3635 1510 3694 autem

335 3738 458 3824 figurae
480 3737 560 3802 haec
581 3737 664 3801 mibi
686 3759 754 3802 esse
777 3738 927 3801 videntur
950 3739 1092 3823 propria:

426 3841 459 3930 1)
482 3842 628 3908 Membra
646 3844 792 3928 aequalia
815 3844 901 3928 apud
921 3843 1073 3931 Gorgiam
1092 3849 1168 3910 sunt
1185 3844 1383 3909 creberrima
1423 3843 1509 3920 Quae

335 3952 437 4016 multo
462 3952 579 4016 certior
602 3973 698 4035 quam
722 3952 955 4017 contrariorum
977 3956 1055 4016 nota
1077 3956 1139 4035 est,
1167 3951 1243 4035 quia
1266 3951 1423 4016 antitheta
1446 3951 1509 4014 duo

335 4058 432 4122 modo
451 4059 521 4121 cola
540 4058 713 4144 continent,
737 4059 858 4124 isocola
886 4060 1032 4144 quamvis
1055 4060 1166 4124 multa
1208 4056 1408 4140 Quicumque
1432 4055 1509 4120 Gor-

336 4165 407 4250 giae
429 4165 510 4249 legit
532 4163 697 4248 reliquias,
728 4166 883 4229 memoria
905 4169 994 4230 tenet
1014 4164 1131 4252 longos
1154 4165 1351 4229 isocolorum
1373 4163 1509 4244 ordines,

335 4272 436 4336 veluti
458 4271 532 4334 hos:

424 4375 577 4461 ὑβρισταὶ
607 4379 654 4455 εἰς
683 4382 761 4456 τοὺς
790 4377 964 4463 ὑβριστάς,
994 4383 1125 4462 κόσμιοι
1155 4379 1202 4454 εἰς
1231 4380 1309 4453 τοὺς
1338 4377 1507 4460 κοσμίους,

335 4485 457 4569 ἄφοβοι
485 4485 531 4560 εἰς
558 4487 637 4560 τοὺς
664 4484 827 4569 ἀφόβους,
855 4483 961 4550 δεινοὶ
989 4484 1026 4549 ἐν
1053 4496 1122 4560 τοῖς
1145 4485 1268 4560 δεινοῖς
1290 4485 1351 4569 frg.
1366 4481 1427 4548 61)
1445 4479 1509 4546 58.

425 4588 540 4674 σεμνοὶ
564 4589 625 4674 μὲν
653 4591 736 4676 πρὸς
764 4594 842 4669 τοὺς
870 4594 974 4669 θεοὺς
1002 4600 1047 4679 τῷ
1080 4592 1214 4678 δικαίῳ,
1243 4590 1331 4655 ὅσιοι
1361 4586 1398 4654 δὲ
1427 4590 1509 4674 πρὸς
