3509 5325
705 436 926 501 ...25-

317 597 450 681 γνώμης
472 597 569 681 τάχος
591 597 663 663 Hel.
686 597 734 662 13.
827 605 830 609 ’

317 706 443 788 κόσμον
465 709 590 789 χαλκοῦ
612 702 668 769 καὶ
691 706 832 791 σιδήρου
856 703 999 769 Hel.16.

317 820 377 876 τοῦ
403 807 464 893 μὲν
497 809 554 898 (sc.
577 810 715 898 χαλκοῦ)
744 809 972 895 ἀλεξητήριον,
1003 820 1063 876 τοῦ
1096 808 1133 876 dt
1165 807 1223 897 (sc.
1247 808 1402 897 cedrique)

228 918 442 1001 προβλήματα
474 917 550 982 ibid.
573 917 646 984 loeo
676 919 735 983 τὸν
765 915 827 1002 μὲν
859 916 1072 1002 ἀλεξητήριον
1104 920 1242 1003 χαλκόν,
1273 918 1333 983 τὸν
1365 914 1402 981 dt

230 1026 470 1109 σκεπαστήριον
493 1025 642 1108 σίδηρον.
665 1024 741 1089 ibid.

319 1130 499 1214 ἐπειράθην
526 1135 705 1196 καταλῦσαι
738 1132 854 1215 μώμου
883 1131 1015 1197 ἀδικίαν
1044 1130 1098 1197 καὶ
1130 1129 1227 1215 δόξης
1254 1129 1402 1212 ἀμαθίαν

230 1236 302 1301 Ηο1.
321 1236 379 1315 21,
396 1238 469 1302 loco
501 1238 619 1303 ἀδικον
650 1248 765 1323 μῶμον
801 1236 856 1303 καὶ
893 1238 1007 1321 ἀμαθῆ
1045 1237 1153 1316 δόξαν.
1208 1236 1332 1314 Quibus
1368 1237 1403 1301 in

229 1344 335 1409 verbis
364 1345 569 1409 commutatis
598 1344 682 1410 inter
710 1367 743 1410 se
771 1344 941 1431 categoriis
969 1346 1041 1429 ipsa
1071 1344 1230 1409 sententia
1252 1343 1404 1427 quodam-

229 1450 325 1515 modo
353 1453 504 1515 mutatur.
550 1449 631 1516 Vult
659 1452 744 1516 enim
769 1449 905 1537 Gorgias
933 1451 1038 1517 dicere
1065 1473 1099 1516 se
1125 1449 1404 1535 vituperationem,

230 1558 306 1641 quia
324 1556 444 1623 iniusta
463 1559 556 1641 esset,
574 1560 671 1641 atque
691 1558 892 1637 sententiam,
912 1558 988 1642 quia
1006 1561 1091 1623 esset
1109 1558 1218 1641 stulta,
1240 1556 1402 1622 delevisse.

230 1663 319 1741 Quae
351 1665 509 1729 sententia
542 1685 736 1748 quamquam
767 1668 902 1750 propter
934 1687 1091 1731 conexum
1127 1664 1249 1730 nemini
1285 1664 1404 1748 poterit

231 1770 328 1836 dubia
350 1770 461 1854 videri,
483 1774 593 1836 tamen
615 1772 679 1836 nisi
702 1794 777 1837 eum
795 1773 981 1856 respexeris,
1003 1772 1102 1837 verba
1119 1772 1190 1857 ipsa
1208 1773 1290 1837 hanc
1307 1771 1405 1835 inter-

229 1877 444 1962 pretationem
467 1877 636 1943 admittere
659 1878 809 1943 videntur
828 1879 921 1963 quasi
940 1878 1076 1965 Gorgias
1100 1900 1135 1943 se
1152 1878 1303 1944 iniuriam
1321 1877 1405 1942 vitu-

230 1985 405 2069 perationis
429 1988 461 2049 et
484 1984 658 2050 stultitiam
681 1986 858 2051 sententiae
882 1986 1037 2051 delevisse
1060 1986 1154 2071 dicat,
1177 1986 1280 2071 ipsam
1304 1984 1405 2071 igitur

231 2090 498 2175 vituperationem
526 2096 559 2158 et
582 2092 773 2157 sententiam
802 2115 997 2177 quamquam
1026 2092 1117 2177 quasi
1146 2095 1303 2158 correctas
1330 2113 1405 2157 con-

230 2220 381 2264 servasse.
426 2199 466 2265 ci.
484 2196 556 2264 Hel.
576 2198 597 2262 2
619 2207 742 2264 παῦσαι
766 2207 823 2283 τῆς
841 2202 946 2277 αίτίας
965 2237 1008 2247 -
1025 2210 1150 2266 παῦσαι
1171 2207 1228 2283 τῆς
1247 2198 1401 2283 ἀμαθίας.

319 2303 426 2370 Simili
449 2304 575 2371 dicendi
594 2325 709 2390 genere
727 2329 806 2371 num
824 2306 941 2392 prioris
960 2328 1088 2391 quoque
1109 2306 1223 2372 aetatis
1242 2304 1405 2389 sophistae

230 2412 281 2477 usi
305 2412 378 2495 sint,
402 2411 571 2477 diiudicari
592 2433 658 2477 non
681 2416 798 2496 potest,
821 2436 1015 2499 quamquam
1038 2412 1150 2478 Plato
1173 2413 1208 2477 in
1227 2412 1405 2497 Protagora

230 2517 323 2583 illum
346 2518 472 2584 dicendi
495 2518 627 2583 modum
651 2517 761 2584 illusit.
808 2517 982 2585 Simillima
1005 2517 1141 2606 Gorgiae
1168 2519 1306 2585 orationi
1329 2522 1406 2584 sunt

232 2625 311 2708 haee
335 2624 444 2691 verba:

320 2734 410 2812 ζώων
443 2734 554 2798 ἀλλων
581 2734 687 2818 βοράν
714 2756 744 2818 p.
764 2732 880 2798 32113:
913 2736 981 2799 ἔστι
1014 2732 1044 2798 d'
1082 2725 1132 2811 οἷς
1164 2736 1286 2799 ἔδωκεν
1319 2728 1405 2798 είναι

231 2842 361 2925 τροφῆν
381 2841 471 2919 ζώων
490 2841 600 2905 ἀλλων
619 2841 736 2925 βοράν,
755 2863 836 2924 quae
856 2841 1053 2927 significant:
1070 2840 1235 2906 nonnullis
1254 2861 1312 2925 pro
1332 2839 1404 2907 cibo

231 2946 328 3012 debat
350 2947 414 3012 alia
436 2947 587 3013 animalia
615 2947 655 3011 ad
682 2949 835 3032 voranda3
868 2951 1047 3031 sequuntur
1074 2949 1160 3012 enim
1188 2949 1286 3012 verba
1312 2946 1404 3012 haec:

232 3053 378 3132 καὶτοῖς
405 3051 466 3138 μὲν
495 3051 550 3141 (sc.
575 3055 638 3118 alia
665 3051 866 3140 vorantibus)
898 3055 1111 3136 ὀλιμογονίαν
1139 3062 1305 3140 προσῆψε,
1336 3065 1405 3128 τοῖς

232 3159 265 3227 d'
300 3159 571 3246 ἀναλισκομένοις
602 3161 667 3226 ὑπὸ
699 3161 827 3226 τούτων
859 3164 1123 3244 πολυγομονίαν,
1160 3163 1326 3243 σωτηρίαν
1357 3168 1403 3245 τῷ

232 3267 319 3350 γένει
337 3271 491 3353 πορίζων.
523 3266 584 3332 Illa
602 3272 709 3333 autem
728 3267 867 3333 elocutio
883 3271 932 3333 est
950 3271 1035 3333 certe
1053 3268 1132 3333 satis
1151 3265 1244 3331 mira:
1263 3266 1405 3351 primum

231 3396 298 3441 non
330 3375 535 3459 adjectivum,
567 3375 623 3440 sed
654 3375 833 3439 infinitivus
866 3378 922 3440 aut
954 3375 1142 3440 secundaria
1175 3373 1335 3439 sententia
1370 3373 1405 3438 in

231 3483 479 3568 appellationem
512 3485 560 3546 est
592 3482 864 3547 transformatum.
919 3481 1043 3548 Deinde
1075 3481 1268 3548 vocabulum
1300 3480 1405 3567 βοράν

231 3589 323 3654 iuxta
344 3591 473 3674 τροφῆν
495 3593 563 3654 tam
587 3610 859 3673 supervacaneum
883 3612 952 3655 esee
975 3594 1116 3675 apparet,
1139 3594 1176 3654 ut
1199 3588 1340 3655 nesciam
1363 3610 1405 3652 an

233 3718 307 3762 eum
331 3695 395 3761 illis
415 3694 563 3783 Gorgieis
581 3696 687 3762 verbis
707 3695 806 3782 ἀλκῆς
824 3695 933 3775 εὐεξία
952 3700 984 3762 et
1003 3701 1124 3781 σοφίας
1143 3698 1284 3780 δύναμις
1301 3693 1406 3780 possit

234 3803 420 3888 comparari.

323 3909 462 3993 Reliqua
493 3909 639 3976 Platonis
676 3911 822 3995 exempla
857 3912 961 3998 magis
998 3911 1095 3976 etiam
1127 3914 1203 3976 sunt
1234 3910 1407 3995 conspicua

231 4021 384 4102 proptera
407 4017 494 4100 quod
516 4017 692 4103 principale
715 4040 834 4083 nomen
855 4040 922 4083 non
944 4019 979 4083 in
1001 4019 1185 4103 genetivum
1209 4039 1327 4102 casum,
1350 4016 1406 4082 sed
1518 4015 1520 4030 '

234 4125 268 4188 in
291 4123 485 4190 adiectivum
507 4126 773 4210 transfiguratum
796 4128 858 4191 est:

321 4233 446 4315 πτηνὸν
469 4233 580 4316 φυγήν
604 4254 635 4315 p,
650 4231 767 4296 320E:
791 4232 811 4297 ἀ
835 4229 896 4316 μὲν
919 4234 982 4316 γάρ
1001 4231 1113 4297 αὐτῶν
1132 4235 1322 4316 σμικρότητι
1344 4233 1405 4316 ῆμ-

232 4353 339 4420 πισχε,
361 4339 487 4419 πτηνὸν
510 4337 622 4422 φυγὴν
644 4337 664 4421 l
683 4338 858 4421 κατάγειον
882 4344 1012 4422 οἴκησιν
1031 4341 1155 4422 ἔνεμεν.
1192 4336 1299 4403 Verba
1319 4338 1404 4403 enim

232 4444 358 4525 πτηνὸν
381 4445 494 4527 φυγήν
517 4465 586 4509 esse
608 4444 752 4510 inaudita
774 4467 834 4530 pro
857 4445 1072 4531 simplicibus:
1095 4445 1192 4510 dabat
1211 4444 1257 4509 eis
1280 4446 1347 4510 ales
1365 4444 1405 4508 ad

232 4548 422 4634 fugiendum
444 4551 650 4635 perspicuum
674 4556 730 4618 est.
776 4550 977 4618 infinitivum
1003 4552 1104 4639 igitur
1126 4573 1222 4638 quem
1245 4555 1405 4636 exspecta
