3509 5325
792 419 1014 485 „54-

407 578 440 667 1)
471 578 569 665 Apud
594 579 746 667 Gorgiam
773 581 940 645 enuntiata
967 583 1120 664 quattuor
1141 580 1194 645 vel
1220 580 1366 664 quinque
1392 601 1491 644 mem·

315 688 447 752 brorum
471 687 664 773 invenimus3
694 690 806 753 eontra
833 688 867 751 in
891 686 1048 753 Herodoti
1075 686 1167 753 libris
1190 686 1349 771 ampliora
1370 685 1491 752 isooola

317 793 398 860 mihi
418 816 485 859 non
508 794 719 860 ooemrebent
740 794 804 859 nisi
827 792 919 859 haee:

405 899 460 966 καὶ
474 898 574 965 οὐδὲν
589 910 656 965 τῶν
669 897 741 965 κατ’
759 906 930 984 Αἴγυπτον
944 900 1010 966 ὑπὸ
1023 908 1126 965 ταῦτα
1145 897 1395 986 ἑτεροιωθῆναι,
1414 900 1489 964 ούτε

317 1007 357 1073 τά
372 1007 408 1073 ἐκ
421 1015 479 1090 τῆς
492 1015 553 1091 γῆς
567 1007 643 1072 οὔτε
657 1007 696 1073 τά
712 1004 746 1073 ἐκ
760 1016 820 1073 τοῦ
834 1014 985 1089 ποταμοῦ
999 1024 1059 1091 σφι
1073 1009 1244 1090 γινόμενα,
1262 1006 1338 1072 ούτε
1353 1006 1392 1070 τά
1406 1004 1491 1089 ἀμφὶ

318 1116 461 1191 νούσους
479 1114 555 1181 ούτε
579 1114 618 1179 τά
641 1114 722 1179 κατὰ
740 1116 818 1190 τοὺς
836 1113 1006 1189 θανάτους
1026 1110 1219 1197 Π142,18;
1242 1116 1396 1199 quattuor
1413 1114 1490 1178 cola.

407 1220 501 1309 πάλφ
525 1216 586 1305 μὲν
610 1219 711 1305 ἀρχάς
731 1221 836 1304 άρχει,
858 1220 1056 1285 ὑπεύθυνον
1075 1216 1112 1284 δὲ
1131 1219 1235 1304 ἀρχὴν
1254 1223 1332 1304 ἔχει,
1354 1220 1492 1304 βουλεύ-

317 1351 402 1411 ματα
427 1324 463 1392 δὲ
486 1326 592 1393 πάντα
616 1325 649 1403 ές
672 1327 708 1392 τὸ
732 1328 846 1392 κοινὸν
870 1324 1028 1411 ἀναφέρει
1051 1324 1100 1391 ΠΙ
1119 1326 1172 1411 80,
1190 1326 1246 1390 28:
1269 1325 1333 1392 tria
1355 1326 1434 1393 oola.

407 1432 450 1516 ῆν
478 1434 523 1517 μῆ
552 1434 688 1519 ὄρνιθες
714 1435 887 1517 γενόμενοι
915 1432 1106 1516 ἀναπτῆσθε
1134 1432 1168 1509 ές
1195 1434 1254 1498 τὸν
1280 1432 1440 1515 οὐρανόν,
1466 1429 1492 1498 ὦ

319 1539 460 1625 Πέρσαι,
484 1539 504 1623 ῆ
523 1540 603 1623 μύες
624 1542 799 1623 γενόμενοι
822 1540 903 1604 κατά
922 1549 980 1624 τῆς
999 1548 1060 1623 γῆς
1078 1525 1274 1623 καταδύητε,
1297 1539 1317 1623 ῆ
1335 1540 1494 1625 βάτραχοι

318 1650 492 1730 χευάμενοι
516 1645 548 1722 ές
571 1646 628 1723 τάς
651 1649 769 1729 λίμνας
797 1644 1000 1730 ἐσπηδήσητε
1023 1644 1071 1711 lV
1087 1646 1160 1729 132,
1179 1646 1223 1714 92,
1236 1646 1300 1711 tria
1322 1647 1401 1711 eola.

408 1750 552 1830 Quorum
575 1752 652 1817 satis
677 1752 820 1837 amplum
843 1751 984 1837 primum
1005 1752 1102 1817 modo
1122 1757 1171 1817 est
1188 1753 1381 1837 exemplum,
1404 1752 1494 1817 euius

320 1859 391 1924 oola
414 1881 589 1943 exaequare
607 1857 792 1924 Herodotus
811 1860 944 1924 minime
962 1858 1094 1925 studuit.
1137 1858 1277 1925 Tantum
1300 1858 1386 1925 enim
1405 1858 1496 1923 abest

320 1968 358 2031 ut
381 1968 534 2049 quattuor
557 1964 702 2049 aequalia
726 1966 869 2030 membre
897 1965 1114 2045 coniunxerit,
1141 1970 1179 2030 ut
1204 1966 1381 2031 interiectis
1404 1986 1495 2031 voea-

320 2071 406 2137 bulis
431 2088 490 2156 σφι
513 2074 672 2156 χιυόμενα
694 2071 772 2136 bina
795 2072 1004 2156 copulaverit.
1050 2070 1121 2150 Qua
1144 2094 1179 2137 re
1201 2074 1359 2138 voeabula
1380 2071 1416 2137 ἐκ
1438 2081 1497 2156 τῆς

321 2188 380 2263 γῆς
403 2181 436 2242 et
459 2177 495 2243 έκ
517 2188 577 2243 τοῦ
600 2186 766 2262 ποταμοῦ,
793 2176 878 2262 ἀμφὶ
902 2181 1047 2255 νούσους
1069 2183 1102 2244 et
1124 2180 1207 2244 κατά
1229 2183 1307 2257 τοὺς
1328 2178 1497 2255 θανάτους

322 2285 471 2369 opposita
499 2288 574 2349 sunt
602 2285 686 2349 inter
713 2306 755 2349 se.
803 2283 960 2350 Consulto
987 2284 1088 2372 igitur
1109 2285 1294 2351 Herodotus
1317 2285 1497 2372 longiorem

322 2391 517 2456 isoeolorum
540 2391 684 2456 ordinem
708 2391 911 2456 disturbavit.
951 2391 991 2457 In
1012 2395 1114 2458 altero
1132 2393 1205 2458 loeo
1223 2392 1287 2457 duo
1306 2393 1402 2458 modo
1425 2392 1497 2458 oole

323 2501 457 2583 aequata
484 2501 572 2583 sunt3
600 2501 696 2581 atque
723 2498 757 2562 in
784 2498 900 2563 ultimo
929 2520 1058 2583 quoque
1085 2499 1311 2584 aequalitatem
1339 2499 1497 2563 membro·
1528 2542 1531 2546 -

321 2628 394 2670 rum
417 2603 602 2698 Herodotus
622 2604 740 2670 delevit
763 2626 840 2671 vooe
863 2600 890 2671 ὦ
910 2603 1039 2696 Πέρσαι
1062 2606 1254 2692 interposita
1277 2609 1310 2672 et
1327 2606 1498 2672 verborum

269 2747 272 2754 =
324 2713 435 2777 ordine
467 2715 664 2776 commutato
698 2709 907 2798 (ἀναπτῆσθε
939 2712 972 2789 ἐς
1004 2715 1063 2779 τὸν
1094 2714 1240 2798 οὐρανόν
1262 2752 1307 2761 -
1329 2715 1411 2778 κατά
1442 2722 1499 2797 τῆς

323 2827 383 2902 γῆς
405 2817 610 2905 καταδύητε).
631 2905 633 2910 ι
655 2815 749 2884 Unde
772 2823 905 2906 apparet
928 2841 1025 2903 quam
1047 2819 1188 2884 alienum
1212 2820 1255 2885 sit
1277 2821 1318 2886 ab
1340 2819 1499 2886 Herodoti

325 2925 504 2990 elocutione
527 2926 608 2990 illud
632 2923 770 3012 Gorgiae
793 2928 863 2991 oola
886 2926 1084 3010 exaequandi
1106 2927 1258 2992 studium.

413 3031 616 3117 Simplicium
640 3036 748 3098 autem
770 3034 942 3098 verborum
966 3034 1093 3098 ordines
1116 3034 1226 3100 inveni
1248 3034 1321 3099 hos:

413 3140 596 3222 ποιήσαντά
618 3163 652 3202 τε
676 3139 731 3204 καὶ
754 3138 965 3224 ὀνομάσαντα
988 3140 1042 3204 καλ
1067 3140 1246 3218 διδάξαντα
1269 3139 1357 3226 123,
1376 3143 1410 3206 8:
1433 3145 1498 3205 tres

323 3267 418 3311 voees
443 3246 618 3328 copulatae.

415 3354 541 3435 ἀπηρος
566 3351 606 3416 δέ
626 3351 710 3436 ἐστι,
736 3353 897 3436 άνουσος,
919 3352 1052 3437 άπαθῆς
1074 3365 1196 3436 κακῶν,
1219 3354 1348 3437 εύπαις,
1371 3354 1500 3437 εὐειδής

326 3458 343 3522 Ι
362 3459 415 3542 32,
433 3458 489 3521 36:
514 3456 843 3542 quinquevoeabula.

418 3568 530 3640 κλίνας
553 3587 588 3628 τε
612 3563 810 3650 ἐπιχρύσους
832 3563 887 3629 καὶ
911 3565 1119 3650 ἐπαργύρους
1138 3565 1192 3631 καὶ
1216 3567 1337 3650 φιάλας
1359 3564 1500 3652 χρυσέας

327 3668 382 3736 καὶ
406 3671 521 3755 εἵματα
543 3672 718 3756 πορφύρεα
745 3667 800 3735 καὶ
823 3676 970 3748 κιθῶνας
992 3671 1008 3735 Ι
1027 3670 1080 3756 50,
1098 3673 1132 3737 3:
1161 3676 1315 3757 quattuor
1336 3673 1498 3738 voeabula.

415 3777 508 3860 ἡμεῖς
535 3772 596 3861 μὲν
623 3773 800 3861 τοξεύομέν
827 3799 862 3842 τε
890 3774 946 3843 καλ
972 3777 1185 3862 ἀκοντίζομεν
1213 3778 1268 3844 καὶ
1295 3781 1501 3865 ἱππαζόμεθα

328 3882 376 3949 IV
392 3883 465 3967 114,
485 3883 539 3948 12:
563 3883 626 3948 tria
648 3883 810 3948 voeabula.

416 3989 455 4053 In
483 3988 619 4076 Gorgiae
651 3989 796 4075 reliquiis
828 3992 1017 4077 plerumque
1050 3995 1203 4076 quattuor
1233 3993 1286 4056 vel
1317 3993 1414 4058 etiam
1446 4015 1501 4058 sex

328 4096 472 4160 membra
493 4097 639 4182 legimus.
686 4095 806 4162 Contra
834 4098 920 4183 apud
942 4097 1144 4164 Herodotum
1171 4121 1237 4163 non
1265 4103 1400 4184 aequata
1427 4104 1502 4164 sunt

329 4204 399 4267 oola
420 4201 485 4266 nisi
507 4204 606 4267 trium
634 4205 859 4269 membrorum.
905 4203 1043 4268 111132
1068 4202 1205 4292 Gorgiae
1232 4206 1389 4290 discipulo
1417 4211 1502 4271 eerte

330 4308 498 4373 dicendum
523 4314 603 4374 erat:
627 4313 694 4374 ἔστι
719 4308 756 4374 δὲ
774 4311 901 4393 ἀπηρος
919 4311 1061 4388 ἀνουσος
1079 4312 1205 4388 άλυπος
1226 4312 1342 4389 εύπαις
1364 4313 1501 4395 εύειδῆς.

329 4414 436 4498 Atque
459 4415 493 4478 in
515 4414 593 4481 150
610 4415 795 4481 Herodotus
823 4416 967 4481 membra
993 4416 1130 4482 variavit
1157 4418 1244 4501 quod
1270 4419 1329 4482 uni
1356 4418 1503 4484 substan·

332 4523 400 4588 tivo
423 4521 549 4587 nullum
572 4523 628 4589 uni
652 4523 714 4587 duo
738 4522 883 4607 epitheta
904 4522 1059 4589 adiunxit.
