3509 5325
251 659 369 725 borum
396 656 549 743 strepitus
578 679 680 724 oense.
726 660 766 724 cf.
791 658 889 723 etiam
913 657 1072 742 Doxopat.
1095 657 1189 722 Rhet.
1212 651 1331 721 11231
1358 654 1426 722 ἐπί-

252 773 334 832 θετα
357 762 394 831 δὲ
417 767 527 851 ὥσπερ
551 766 569 831 ὁ
589 763 783 847 Ἀλκιδάμας
805 766 913 850 ὑγρὸν
939 766 1062 850 ἱδρῶτα
1085 763 1190 849 φησὶν
1211 761 1266 828 καλ
1281 761 1426 849 Ὅμηρος

253 874 338 956 γάλα
366 874 485 938 λευκὸν
511 870 566 937 καὶ
592 873 712 949 ἵππους
734 872 897 956 μώνυχας.
942 874 1035 957 ἡρκει
1058 872 1121 955 γάρ
1144 868 1197 935 ἐπὶ
1220 870 1349 935 τούτων
1372 868 1426 935 καὶ

254 983 291 1045 τὸ
314 980 434 1066 κύριον
455 980 571 1062 μόνον,
595 979 615 1043 ἃ
638 989 808 1062 ποιητικῆς
830 976 892 1064 μὲν
915 980 984 1044 ῖδια
1006 980 1051 1055 ὡς
1073 978 1195 1061 ἐναργῆ
1215 999 1250 1041 τε
1271 976 1326 1042 καὶ
1345 975 1426 1059 ἡδέα

253 1083 309 1151 καλ
333 1082 508 1168 εὐμεγέθη,
531 1096 602 1162 τοῖς
625 1086 760 1172 ῥὴτορσι
784 1082 821 1150 δὲ
845 1086 1010 1172 άλλότρια.

342 1188 431 1256 Idem
456 1195 563 1256 sutem
586 1194 726 1276 pertinet
748 1193 789 1257 ad
812 1194 961 1277 apposita
982 1193 1079 1258 nimis
1099 1196 1213 1280 ampla.
1251 1196 1340 1274 Quae
1357 1199 1428 1283 ipsa

257 1319 385 1383 quoqne
405 1299 594 1383 plerumque
617 1300 712 1383 plane
735 1320 969 1383 supervacanea
992 1304 1076 1385 sunt,
1099 1305 1132 1365 et
1148 1300 1341 1369 Aristoteles
1359 1306 1429 1388 ipse

255 1426 320 1489 quo
356 1405 453 1469 modo
490 1406 636 1489 sophista
673 1405 851 1490 simplicius
886 1429 924 1472 ac
960 1407 1075 1472 melius
1113 1408 1260 1496 dixisset,
1302 1413 1428 1496 saepius

255 1511 431 1576 adnotavit.
485 1512 524 1577 cf.
557 1514 619 1579 οὐκ
655 1515 702 1591 εἰς
723 1510 861 1597 Ἴσθμια
897 1510 964 1578 ἀλλ’
1005 1517 1051 1591 είς
1082 1515 1145 1599 τὴν
1176 1529 1243 1582 τῶν
1272 1516 1429 1602 Ἰσθμίων

254 1621 454 1704 πανήγυριν,
483 1620 537 1687 καλ
565 1618 641 1706 οὐχὶ
668 1624 793 1705 νόμους
821 1618 905 1685 ἀλλὰ
932 1624 1010 1697 τοὺς
1037 1633 1106 1686 τῶν
1131 1626 1261 1690 sotsac
1282 1628 1429 1709 βασιλεῖς

255 1736 378 1817 νόμους
405 1730 469 1797 κτὲ.
510 1728 703 1812 Ἀδολεσχία
734 1727 848 1815 igitur,
880 1749 976 1811 quam
1005 1729 1223 1812 sophistarum
1252 1732 1430 1797 orationem

257 1840 427 1905 obscurare
458 1834 650 1903 Aristoteles
687 1858 718 1920 p.
744 1834 862 1899 1406·
888 1834 931 1899 35
967 1834 1060 1919 dicit,
1096 1838 1254 1922 appositis
1291 1838 1431 1904 efficitur

257 1945 457 2012 creberrimis
480 1941 688 2027 amplissimis
712 1940 963 2027 supervacaneis.

346 2049 463 2116 Omnia
498 2051 595 2115 huius
630 2049 755 2135 generis
788 2049 935 2132 exempla
965 2070 1006 2113 ex
1036 2047 1270 2116 Alcidamantis
1303 2052 1431 2135 seriptis

257 2159 450 2224 Aristoteles
481 2154 681 2242 prompsiu).
727 2152 916 2238 Videamus,
948 2176 1026 2219 num
1056 2156 1177 2223 similis
1201 2158 1288 2242 apud
1314 2159 1431 2243 prioris

263 2287 391 2349 quoque
414 2264 528 2330 aetatis
552 2263 714 2347 sophistas
736 2262 942 2347 reperiamus.

346 2371 589 2457 Protagoras.
641 2371 750 2453 θνητά
787 2366 824 2435 δὲ
859 2368 940 2452 γένη
976 2368 1048 2435 loco
1080 2375 1205 2454 drusui
1232 2371 1315 2437 Pleu.
1343 2371 1431 2438 Prot.

262 2502 293 2563 p.
308 2476 424 2565 Ι3200.

346 2586 431 2669 πρὸς
454 2584 512 2662 τὰς
534 2582 569 2648 ἐκ
592 2585 677 2661 Διὸς
700 2583 788 2669 ὥρας
808 2584 882 2647 loco
905 2584 988 2663 πρὸς
1010 2584 1068 2659 τάς
1090 2583 1178 2671 ὥρας
1201 2581 1310 2650 32111.

347 2703 416 2768 τοῖς
448 2688 510 2775 μέν
542 2689 578 2756 ἐκ
609 2701 669 2775 γῆς
699 2690 859 2774 βοτάνην,
894 2691 1009 2768 άλλοις
1040 2691 1078 2755 δὲ
1107 2691 1257 2778 δένδρων
1286 2694 1434 2779 καρπούς

261 2797 368 2863 321Β.

348 2907 395 2982 είς
417 2901 479 2988 μὲν
501 2906 563 2988 τὴν
585 2904 766 2986 ἀκρόπολιν
789 2903 850 2987 τὴν
872 2913 933 2970 τοῦ
957 2906 1042 2982 Διὸς
1064 2911 1193 2989 οίκησιν
1216 2905 1325 2970 ὃλΙΒ.

351 3010 467 3095 δεσμοὶ
490 3014 602 3096 φιλίας
625 3015 818 3095 συναγωγοί
838 3009 944 3075 3220.

348 3117 545 3185 Prodicus.
583 3115 776 3202 ἐλευθέριον
799 3118 911 3201 φύσει,
933 3115 1181 3202 κεκοσμημένον
1203 3121 1240 3184 τὸ
1259 3114 1322 3202 μέν
1340 3128 1434 3202 σῶμα

262 3227 475 3309 καθαρότητι,
497 3227 537 3289 τά
562 3222 598 3289 δὲ
622 3226 751 3308 ὄμματα
774 3225 873 3306 αίδοῖ,
897 3226 935 3289 τὸ
959 3221 996 3288 δὲ
1015 3235 1123 3309 σχῆμα
1142 3225 1343 3311 σωφροσύνη
1361 3226 1434 3291 loco

261 3328 466 3416 ἐλευθέριον,
488 3333 653 3417 καθαράν,
679 3332 820 3415 αἰδοίαν,
844 3328 1005 3414 σώφρονα
1027 3330 1107 3397 Χοο.
1130 3353 1224 3396 mem.
1247 3329 1280 3395 Π
1305 3330 1333 3416 1,
1355 3332 1407 3396 22.

350 3448 411 3502 τοῦ
434 3434 471 3502 δὲ
493 3439 630 3502 πάντων
651 3435 789 3521 ἡδίστου
812 3436 1033 3522 ἀκούσματος,
1059 3439 1196 3503 ἐπαίνου
1220 3437 1351 3522 ἑαυτῆς,
1377 3439 1433 3503 άν-

262 3546 361 3628 ηκοος
389 3540 419 3609 εἶ
444 3543 498 3608 καὶ
527 3555 586 3611 τοῦ
614 3545 748 3609 πάντων
770 3543 908 3627 ἡδίστου
931 3545 1096 3627 θεάματος
1118 3543 1260 3620 ἀθέατος
1286 3543 1319 3609 Π
1339 3545 1367 3629 1,
1382 3544 1433 3609 31.

350 3661 422 3726 ταῖς
443 3662 564 3734 ψυχαῖς
586 3650 739 3734 ἀνόητοι,
763 3650 923 3735 comparis
947 3671 1057 3733 causa,
1079 3652 1155 3734 quia
1177 3652 1363 3735 oppositum
1386 3654 1436 3715 est

262 3756 368 3822 verbis
391 3767 460 3834 τοῖς
483 3758 632 3840 σάμασιν
656 3756 815 3822 ἀδύνατοι
851 3755 884 3820 Π
909 3757 937 3840 1,
960 3756 1012 3821 31.
1143 3769 1146 3773 “

351 3866 413 3948 τὴν
436 3864 720 3948 μακαριστοτάτην
743 3863 960 3945 εὐδαιμονίαν
982 3859 1014 3927 Π
1039 3864 1067 3946 1,
1090 3862 1141 3929 33.

352 3967 525 4055 Hippias.
562 3969 581 4034 ὁ
606 3966 643 4034 δὲ
666 3973 779 4053 νόμος,
802 3971 965 4055 τύραννος
988 3971 1035 4034 ὢν
1058 3980 1125 4034 τῶν
1146 3968 1335 4054 ἀνθρώπων
1353 3970 1435 4035 Plat.
1488 3951 1493 3962 ¹

262 4075 350 4141 Prot.
370 4075 480 4140 337D.

352 4192 409 4266 τῆς
436 4205 471 4248 τε
494 4179 652 4259 Ἑλλάδος
678 4183 726 4259 εἰς
753 4181 835 4248 αὐτὸ
862 4183 899 4248 τὸ
927 4194 1127 4266 πρυτανεῖον
1152 4192 1210 4267 τῆς
1237 4187 1357 4267 σοφίας
1382 4181 1437 4249 κοιλ

264 4288 365 4372 αὐτῆς
387 4299 444 4373 τῆς
466 4294 593 4366 πόλεως
615 4289 662 4365 είς
680 4291 739 4356 τὸν
758 4287 914 4372 μέγιστον
933 4286 987 4353 καλ
1007 4289 1209 4370 ὀλβιώτατον
1228 4286 1321 4356 οἷκον
1339 4292 1436 4355 τόνδε

264 4395 328 4458 337
339 4393 379 4459 D.

264 4539 478 4550 ---——-——--

356 4624 382 4693 1)
401 4621 435 4676 cf.
455 4621 573 4692 Vahlen,
592 4621 758 4680 Alkidsmos
776 4623 794 4679 l.
810 4642 832 4680 ο.
852 4641 880 4695 p.
895 4627 947 4679 493
958 4640 1018 4694 sqq.

1190 4711 1225 4764 2*
