3509 5325
708 486 930 557 „35-

322 652 447 736 νόμους
469 675 502 717 τε
526 653 708 737 peameca,
737 653 887 737 φύλακας
908 662 969 717 τοῦ
993 654 1140 735 δικαίου,
1163 649 1336 738 γράμματά
1358 674 1405 735 τε,

234 762 364 844 μνήμης
387 760 542 843 ὄργανον,
569 758 670 843 μέτρα
692 783 727 826 τε
751 758 806 825 καί
830 759 976 843 σταθμοί,
1002 764 1219 843 συναλλαγῶν
1242 760 1405 845 εὐπόρους

233 865 427 948 διαλλαγάς,
456 866 603 948 δίοιδμόν
630 890 680 947 τε,
709 866 884 950 χρημάτων
910 867 1059 950 φύλακα,
1086 867 1235 949 πυρσούς
1256 888 1303 948 τε,
1325 889 1403 951 κρα-

234 975 366 1048 τίστους
387 970 441 1037 καὶ
463 975 638 1057 ταχίστους
660 970 822 1056 ἀγγέλους
842 971 911 1037 Pal
930 973 983 1037 30.

321 1130 414 1207 Quod
438 1131 563 1197 dicendi
586 1153 686 1218 genus
710 1132 835 1218 insigne
853 1132 1021 1216 proprium
1040 1131 1234 1215 sophisticae
1253 1132 1403 1196 dictionis

232 1259 270 1302 ao
302 1238 462 1322 peculiare
496 1260 564 1304 esse
593 1242 733 1323 apparet.
779 1237 1012 1315 Quaerentibus
1041 1241 1148 1304 autem
1175 1238 1268 1303 nobis
1296 1242 1404 1302 utrum

233 1344 398 1428 sophistae
426 1366 484 1409 sua
507 1348 621 1429 sponte
644 1344 734 1409 illam
758 1345 973 1410 elocutionem
996 1346 1189 1428 invenerint,
1216 1367 1258 1408 an
1280 1368 1298 1409 e
1320 1349 1405 1409 vete-

232 1451 317 1515 riore
341 1450 480 1533 quodam
502 1440 592 1515 fonte
616 1451 790 1534 hauserint,
812 1452 875 1516 hoo
893 1450 946 1517 rel
964 1452 1006 1517 ob
1026 1474 1096 1517 eam
1114 1474 1183 1516 rem
1201 1451 1402 1536 probabilius

232 1558 360 1621 videtur
397 1557 482 1641 quod
514 1557 678 1622 nonnullis
711 1559 866 1642 exemplis
899 1557 1018 1624 similia
1049 1558 1134 1643 apud
1165 1557 1246 1623 ulios
1278 1580 1406 1642 quoque

234 1664 406 1747 scriptores
432 1664 596 1751 leguntur.
643 1664 671 1728 Ε
700 1666 831 1750 tragicis
859 1665 978 1729 fabulis
1007 1665 1168 1749 sophistas
1195 1650 1277 1729 illud
1304 1669 1405 1729 trans·

231 1770 392 1834 'lationum
417 1791 517 1855 genus
544 1772 719 1855 sumpsisse
743 1772 898 1855 opineris,
926 1793 999 1835 cum
1022 1771 1162 1857 tragicos
1186 1776 1297 1856 poetas
1320 1770 1407 1836 haud

233 1898 306 1940 raro
330 1898 381 1941 res
404 1876 562 1941 inanimes
585 1877 726 1942 humana
750 1879 842 1961 quasi
865 1879 971 1963 specie
994 1878 1136 1943 induisse
1159 1876 1325 1965 constet1).
1361 1877 1406 1943 At

235 1983 358 2047 duabus
382 2005 421 2047 ex
444 1983 549 2052 causis
571 1982 661 2048 illam
685 1984 899 2050 elocutionem
923 1984 1085 2069 sophistas
1107 1985 1240 2070 tragicis
1260 1984 1407 2050 debuisse

234 2091 338 2173 poetis
361 2112 428 2155 non
451 2090 609 2155 existimo.
649 2089 795 2156 Primum
818 2092 936 2177 tragici
957 2091 1020 2156 hac
1042 2092 1146 2178 figura
1169 2096 1347 2176 personata,
1369 2096 1407 2156 ut

235 2198 281 2260 ita
305 2196 418 2281 dicam,
441 2196 601 2261 interdum
624 2198 721 2261 modo
745 2198 783 2261 ad
808 2199 988 2263 orationem
1011 2198 1226 2263 exornandam
1249 2198 1300 2264 usi
1323 2202 1408 2283 sunt,

236 2301 370 2389 Gorgias
407 2326 424 2367 e
461 2305 621 2369 contrario
654 2305 823 2389 permultis
855 2306 950 2369 rebus
983 2306 1122 2369 animam
1156 2305 1248 2387 quasi
1280 2306 1408 2371 infudit.

236 2408 298 2485 Qui
331 2409 416 2493 apud
440 2407 591 2497 Gorgiam
624 2432 690 2475 non
721 2415 788 2475 tam
821 2411 947 2476 dicendi
980 2434 1076 2495 quarn
1104 2411 1266 2497 cogitandi
1294 2412 1408 2477 modus

235 2515 335 2581 fuisse
370 2516 505 2581 videtur.
556 2516 681 2581 Deinde
718 2517 806 2581 illam
839 2518 976 2603 figuram
1009 2518 1074 2581 iam
1106 2522 1180 2582 ante
1211 2518 1408 2604 tragicorum

235 2625 381 2708 tempora
408 2624 589 2690 invenimus
617 2627 649 2689 et
677 2624 712 2689 in
738 2624 829 2710 poesi
857 2624 1051 2711 theogonica
1074 2628 1106 2690 et
1129 2625 1163 2689 in
1185 2647 1281 2710 prosa
1303 2625 1409 2710 philo·

236 2729 412 2813 sophorum
441 2730 595 2796 oratione.
642 2731 786 2808 Quorum
813 2733 848 2795 in
877 2733 1007 2817 scriptis
1030 2733 1135 2817 figura
1156 2753 1223 2796 non
1246 2736 1294 2797 est
1318 2755 1408 2797 orna·

236 2841 380 2901 mentum
403 2838 572 2922 orationis,
594 2838 651 2903 sed
673 2839 735 2923 ipsi
760 2861 888 2922 quoque
912 2838 1109 2904 omniafere
1131 2844 1247 2903 natura
1268 2839 1409 2907 humana

237 2943 382 3008 induunt.
429 2942 522 3019 Quod
555 2966 627 3010 cum
661 2945 824 3029 sophistae
851 2945 1120 3029 philosophorum
1147 2946 1292 3031 vestigiis
1319 2946 1409 3010 insti-

236 3051 314 3114 tisse
346 3053 485 3134 constet,
517 3050 599 3115 illud
627 3072 754 3134 quoque
782 3052 908 3115 dicendi
936 3073 1036 3137 genus
1064 3075 1082 3116 e
1109 3050 1304 3136 philosopho
1333 3053 1408 3116 stilo

237 3157 417 3241 profectum
436 3178 504 3221 esse
522 3155 793 3222 verisimillimum
812 3161 870 3240 est,
894 3179 1086 3241 quamquam
1106 3157 1260 3243 tragicam
1282 3180 1409 3241 quoque

238 3263 411 3328 dictionem
434 3264 572 3328 valuisse
595 3263 635 3327 ad
658 3265 868 3348 sophisticam
891 3264 1106 3328 elocutionem
1126 3285 1193 3328 non
1216 3265 1409 3350 negaverim.

237 3368 277 3434 In
299 3371 485 3434 universum
508 3375 615 3435 autem
636 3367 771 3456 Gorgias
794 3371 900 3434 tenuit
923 3371 1190 3455 philosophorum
1213 3369 1340 3435 dicendi
1358 3371 1411 3443 rel

238 3480 274 3540 ut
289 3477 395 3541 verius
410 3477 522 3561 dicam,
542 3477 705 3561 cogitandi
719 3499 850 3542 morem.
882 3476 970 3554 Quae
983 3481 1021 3541 ut
1035 3476 1245 3561 illustrentur,
1264 3477 1410 3560 exempla

239 3605 255 3646 e
278 3581 482 3666 philosophis
505 3582 650 3666 reliquiis
674 3584 808 3649 collecta
829 3584 1021 3668 proferenda
1044 3589 1131 3649 sunt:

327 3687 559 3754 Heraclitus.
604 3694 709 3774 Δίκης
740 3691 846 3774 ὄνομα
878 3690 940 3756 οὐκ
967 3689 1009 3756 dv
1036 3689 1160 3776 ᾔδεσαν
1187 3689 1247 3776 frg.
1267 3690 1310 3754 23
1320 3689 1410 3754 Diels

239 3795 283 3860 60
297 3796 453 3880 Bywater.

328 3900 382 3966 καὶ
414 3901 527 3986 μέντοι
559 3900 613 3966 καὶ
637 3906 724 3986 Δίκη
757 3905 975 3986 καταλήψεται
1007 3904 1142 3980 ψευδῶν
1174 3901 1329 3979 τέκτονας
1356 3900 1411 3967 καὶ

239 4009 406 4092 μάρτυρας
428 4008 489 4094 frg.
509 4008 601 4073 281).
623 4008 686 4073 118
697 4007 734 4073 B.

329 4166 355 4234 1)
374 4164 409 4218 cf.
425 4163 452 4218 Ο.
463 4163 564 4228 Hense,
579 4151 655 4218 liber
667 4164 930 4233 personifiaierende
943 4165 1078 4234 Epitheta
1091 4165 1138 4221 bei
1152 4165 1255 4236 griech.
1268 4165 1410 4221 Dichtern.

240 4253 334 4321 Progr.
347 4251 531 4306 Helberstadt
546 4258 627 4319 18553
646 4251 679 4305 Η.
690 4252 877 4320 Kiihlbrandt
894 4254 1033 4323 quomodo
1049 4254 1199 4324 Sophocles
1213 4271 1258 4309 res
1271 4255 1412 4310 inanimes

240 4342 299 4395 vita
316 4341 440 4394 humana
457 4341 589 4395 induerit.
618 4339 878 4412 Diss.Lips.1880;
903 4343 1052 4411 Schmeier,
1071 4345 1106 4397 de
1124 4343 1357 4398 translationibus
1375 4343 1411 4398 ab

240 4429 352 4483 homine
377 4429 475 4498 petitis
501 4430 577 4499 apud
599 4430 769 4499 Aeschylum
793 4433 821 4485 et
843 4431 1004 4490 Pindarum.
1041 4431 1113 4485 Diss.
1133 4433 1308 4502 Regiomont.
1330 4438 1412 4499 18823

240 4518 284 4571 W.
304 4518 387 4585 Pace,
409 4517 542 4590 Beitrtge
564 4537 613 4572 aiu
634 4519 721 4588 vergl.
743 4519 850 4589 Tropilr
873 4521 923 4574 der
944 4521 1050 4606 Possis.
1089 4527 1113 4575 1.
1132 4520 1201 4575 Teil.
1229 4519 1339 4589 Tropen
1363 4520 1412 4573 des

241 4595 333 4673 dach,
354 4606 437 4676 Soph.
451 4623 478 4660 u.
493 4607 558 4660 Eur.
586 4607 658 4663 Berl.
675 4614 751 4663 1886.
851 4630 853 4634 ’

1165 4699 1199 4751 3*
