3509 5325
819 843 942 939 Caput
967 843 1014 915 H.

501 1023 568 1097 De
596 1022 801 1119 Gorgieis
828 1043 941 1117 quas
968 1025 1137 1097 vocant
1162 1019 1335 1117 figuris.

416 1232 463 1297 111
499 1232 608 1297 Cicero
646 1236 679 1297 et
714 1231 891 1317 Dionysius
922 1231 1186 1296 Halicarnasseus
1221 1235 1255 1295 11
1290 1252 1401 1295 omnes
1436 1231 1504 1294 fere

329 1340 517 1424 posterioris
549 1340 663 1404 aetatis
693 1338 838 1404 rhetores
871 1336 1024 1423 Gorgiam
1055 1338 1250 1403 Leontinum
1282 1336 1503 1403 celeberrimas

329 1446 401 1510 illas
433 1448 555 1532 figuras
586 1446 746 1510 invenisse
775 1446 975 1509 contendunt
985 1443 1019 1531 ¹).
1071 1444 1191 1509 Contra
1221 1444 1392 1528 scriptores
1423 1444 1504 1507 anti-

329 1554 457 1636 quiores
475 1553 559 1617 nihil
577 1554 616 1617 de
634 1553 695 1618 hae
712 1575 747 1617 re
765 1556 933 1617 testantur.
970 1552 1063 1616 Plato
1083 1573 1327 1635 nonnumquam
1349 1550 1504 1613 tinnitum

330 1657 486 1745 Gorgieae
513 1660 669 1725 orationis
699 1660 836 1724 illudens
847 1657 874 1745 ²)
902 1658 941 1723 de
968 1658 1135 1723 antithetis
1164 1663 1221 1722 aut
1250 1658 1381 1722 isocelis
1407 1656 1505 1721 rerba

329 1788 396 1830 non
418 1768 504 1831 facit
544 1766 659 1851 Neque
683 1771 738 1831 aut
761 1765 952 1831 Aristoteles
976 1770 1034 1829 aut
1054 1764 1271 1828 Anaximenes
1293 1763 1442 1828 inlibris
1465 1762 1504 1827 de

330 1878 397 1937 arte
415 1874 583 1956 rhetorica,
602 1895 797 1957 quamquam
816 1874 894 1937 satis
913 1874 1043 1957 copiose
1060 1873 1181 1958 figuras
1199 1875 1339 1935 tractant
1347 1868 1383 1956 ¹),
1403 1868 1505 1932 ullam

331 1981 528 2064 scripserunt
554 1981 696 2044 litteram
724 1980 762 2044 de
789 1980 967 2065 figurarum
994 1984 1132 2043 auctore.
1176 1978 1221 2042 Et
1247 1982 1356 2041 tamen
1380 1974 1506 2040 Aristo-

329 2086 426 2151 telem
455 2085 593 2173 Gorgiae
620 2108 721 2173 genus
750 2086 877 2151 dicendi
907 2086 1143 2151 accuratissime
1171 2087 1407 2168 perscrutatum
1436 2103 1506 2145 esse

331 2217 428 2278 supra
449 2193 598 2259 vidimus.
644 2192 766 2257 Tamen
792 2196 829 2256 ut
856 2194 1034 2278 figurarum
1059 2214 1153 2256 usum
1180 2190 1370 2273 illustraret,
1397 2190 1506 2253 omnia

330 2302 396 2365 fere
423 2301 570 2385 exempla
595 2301 635 2365 ab
664 2299 819 2383 Isocrate,
844 2302 973 2364 nullum
998 2322 1017 2363 a
1040 2296 1159 2385 Gorgia
1186 2299 1332 2381 sumpsit.
1377 2295 1505 2360 Primus

331 2407 479 2472 Timaeus
502 2407 703 2472 contendisse
725 2406 861 2490 videtin,
886 2405 1040 2491 Gorgiam
1062 2407 1183 2490 figuras
1206 2400 1408 2490 iuvenisse4).

420 2514 506 2591 Quid
537 2536 576 2579 ex
606 2513 658 2577 his
691 2514 923 2598 antiquissimis
957 2513 1151 2577 testimoniis
1185 2511 1401 2597 colligendum
1433 2508 1506 2572 est?

331 2621 403 2689 Hoc
439 2620 534 2687 eredo
571 2622 642 2686 illas
679 2621 799 2704 figuras
836 2621 978 2704 exeeptis
1017 2621 1153 2685 fortasse
1190 2615 1506 2683 adnominatiouibus

332 2728 555 2811 similibusque
591 2727 763 2793 schematis
800 2727 901 2811 ipsius
935 2725 1072 2813 Gorgiae
1108 2726 1308 2810 temporibus
1344 2723 1506 2807 haudqua-

333 2858 429 2918 quam
451 2834 547 2918 plane
568 2855 668 2899 novas
691 2837 725 2898 et
751 2833 913 2897 inauditas
935 2834 1124 2918 aequalibus
1146 2833 1231 2897 visas
1255 2853 1337 2914 esse,
1363 2830 1397 2893 id
1420 2828 1507 2913 quod

331 2963 464 3026 prorsus
485 2941 694 3005 confirmatur
711 2940 791 3024 ipsis
808 2945 954 3004 veterum
977 2943 1145 3023 poetarum
1164 2942 1196 3002 et
1219 2938 1412 3020 scriptorum
1434 2935 1505 2998 reli-

333 3050 416 3133 quiis
435 3048 647 3132 perlustratis.
683 3045 753 3110 Iam
775 3047 810 3111 in
828 3046 963 3110 Homeri
987 3047 1181 3110 carminibus
1200 3044 1309 3107 omnia
1330 3043 1506 3128 figurarum

332 3177 449 3240 genera
466 3155 604 3240 legimus
623 3159 656 3217 et
674 3177 714 3218 ex
732 3153 800 3216 eius
819 3157 964 3236 tempore
982 3152 1068 3235 apud
1082 3172 1193 3215 omnes
1207 3150 1273 3215 fere
1292 3150 1463 3232 scriptores
1470 3144 1505 3232 ⁵).

421 3260 508 3336 Quae
527 3281 600 3324 oum
622 3260 668 3323 ita
691 3261 765 3344 siut,
787 3265 898 3323 utrum
916 3258 1110 3342 Herodotus,
1134 3279 1228 3341 quem
1252 3258 1359 3340 ipsum
1378 3275 1506 3339 quoque

423 3527 449 3594 1)
469 3524 503 3578 cl.
519 3523 574 3577 cic.
590 3541 628 3577 or.
643 3527 762 3591 49‚165;
777 3529 896 3591 51,171;
915 3522 1030 3592 Dionys.
1041 3522 1104 3576 Hal.
1120 3522 1156 3576 de
1170 3520 1268 3574 admir.
1278 3517 1422 3572 Demosth
1438 3534 1461 3570 e.
1472 3521 1506 3569 11

333 3631 367 3668 ao
385 3613 506 3682 saepius.
543 3612 637 3680 Aquil.
654 3613 733 3666 Rom.
754 3613 789 3667 de
807 3612 904 3682 liguris
922 3612 971 3665 lib.
992 3618 1065 3678 521.
1103 3611 1159 3664 Sed
1177 3609 1211 3663 cf.
1232 3609 1319 3662 etiam
1337 3603 1505 3671 Quintiliani

334 3702 493 3770 lmen

423 3794 449 3861 1)
473 3790 555 3860 Gorg.
579 3809 606 3859 p.
622 3796 675 3845 467
688 3790 719 3843 Β.
752 3789 1015 3859 1111111810.
1045 3794 1096 3842 198
1111 3787 1138 3841 G.
1176 3784 1334 3856 Agathonis
1361 3784 1507 3838 verborum

334 3883 396 3950 (191
411 3880 448 3946 D,
466 3879 499 3948 Ε)
522 3879 635 3949 insigne
656 3878 727 3932 mihi
749 3879 861 3932 videtur
883 3878 1108 3948 appellationum
1130 3874 1306 3930 abundantia
1329 3875 1359 3928 et
1381 3871 1507 3926 adnomi-

334 3969 471 4023 nationes.
1462 3956 1467 3965 '

423 4061 449 4127 3)
468 4056 737 4111 11111111111111.
756 4057 872 4125 1.1Π9;
891 4057 961 4111 rhet.
982 4057 1019 4109 ad
1037 4055 1115 4110 Alex.
1134 4071 1157 4107 c.
1173 4058 1287 4107 11-19.

294 4151 298 4156 ’
423 4148 450 4216 4)
469 4145 586 4199 Diodori
598 4145 616 4198 1.
631 4145 682 4198 XII
696 4151 744 4212 533
762 4145 876 4215 Dionys.
892 4145 956 4199 Hal.
972 4146 1008 4199 de
1022 4145 1084 4212 Lys.
1096 4149 1126 4211 33
1144 4143 1179 4196 ef.
1194 4141 1317 4208 Norden,
1333 4139 1508 4208 Kunstprosu

335 4233 393 4303 Ip.
406 4238 438 4287 15
449 4251 489 4301 sq.

399 4333 402 4341 '
424 4323 450 4392 ὁ)
470 4321 502 4374 Α.
521 4320 669 4390 Nieschke‚
688 4322 724 4376 de
742 4321 907 4390 Thucydide
920 4320 1103 4391 Antiphontis
1118 4319 1256 4388 discipulo
1271 4320 1300 4372 et
1313 4316 1429 4371 Homeri
1445 4314 1509 4369 imi-

334 4413 435 4465 tatore.
472 4410 567 4480 Progr.
585 4411 709 4464 Miinden
729 4415 805 4464 1881.
834 4429 861 4479 p.
877 4416 996 4480 3'lsqq.;
1023 4409 1150 4476 Norden,
1173 4407 1278 4460 Antike
1300 4403 1509 4475 KunstprosaI

335 4519 361 4569 p.
374 4506 407 4554 16
418 4517 476 4568 sqq.
497 4498 652 4567 Telephum
666 4499 793 4568 Pergam.
808 4498 866 4552 iam
885 4499 954 4552 duos
973 4498 1060 4552 libros
1079 4498 1143 4566 περὶ
1160 4505 1216 4550 τῶν
1234 4491 1305 4564 παρ’
1317 4493 1426 4568 Ὁμήρῳ
1443 4510 1509 4564 σχη-

336 4587 430 4658 μάτων
449 4585 603 4658 ὅητορικῶν
623 4587 819 4656 conscripsisse
840 4587 940 4640 Suidas
959 4604 980 4640 s.
995 4605 1019 4639 v.
1039 4588 1143 4640 narrat.
