3509 5325
785 396 1006 460 ..24-

305 557 483 642 categorias
507 556 647 622 interae
671 559 883 639 commutare,
914 555 948 620 id
971 555 1058 639 quod
1084 577 1151 620 non
1180 556 1221 621 ab
1245 578 1283 620 eo
1306 556 1481 639 inventum,

305 663 362 727 sed
383 664 539 728 usitatum
567 684 636 727 esse
665 663 750 747 apud
778 683 889 726 omnes
913 659 1050 727 Graecos
1079 659 1245 749 constat1).
1291 659 1390 726 Cuius
1418 662 1481 725 elc-

307 770 445 835 cutionis
469 773 622 854 quattuor
649 791 766 856 genera
788 766 1038 833 thner-Gerth
1066 768 1283 855 distinguunt,
1308 790 1389 853 quae
1412 769 1482 833 bre-

306 877 436 941 vissime
450 877 605 961 exemplis
620 874 754 962 prolatis
769 875 1010 940 adumbremus:
1028 872 1061 962 a)
1073 876 1108 940 οί
1119 873 1253 961 χρηστοὶ
1269 885 1335 940 τῶν
1349 874 1482 959 ἀνδρώ-

306 1007 378 1049 αων
402 1005 461 1067 pro
485 984 520 1049 οί
540 980 676 1068 χρηστοὶ
699 984 884 1065 uespera,
908 978 944 1067 b)
968 983 1005 1048 rb
1028 985 1114 1047 πολὺ
1137 991 1194 1065 τῆς
1218 990 1381 1068 στρατιῆς,
1412 979 1482 1067 ο)ἡ

306 1092 410 1174 πολλὴ
434 1099 491 1173 τῆς
514 1090 794 1172 Πελοποννήσου,
826 1085 860 1174 d)
890 1085 1013 1165 Τυδέος
1035 1091 1108 1172 βία,
1135 1088 1195 1165 ὑὸς
1225 1097 1333 1175 χρῆμα
1356 1087 1482 1153 similia

305 1195 511 1261 Adiectivum
544 1196 656 1282 igitur,
690 1195 776 1279 quod
807 1195 842 1259 in
869 1195 996 1280 vulgari
1024 1194 1168 1259 oratione
1200 1194 1393 1260 attributum
1425 1198 1484 1278 est,

306 1302 533 1389 appellationis
556 1302 626 1368 vice
649 1302 787 1387 fungens
810 1304 866 1364 aut
890 1300 925 1365 in
948 1299 1197 1385 appellationem
1220 1302 1483 1366 transformatum

309 1410 515 1496 coniungitur
538 1430 612 1473 cum
640 1408 789 1495 genetivo
818 1408 887 1471 eius
914 1407 1017 1491 vocis,
1045 1407 1097 1472 cui
1124 1408 1159 1471 in
1186 1406 1312 1494 vulgari
1339 1407 1484 1472 oratione

307 1517 499 1581 attributum
519 1519 575 1580 est.
612 1514 651 1580 In
669 1514 832 1599 prioribus
850 1518 959 1578 autem
976 1513 1081 1578 tribus
1100 1514 1271 1598 generibus
1290 1514 1483 1579 adiectivum

308 1624 415 1707 ipsum
447 1625 670 1687 conservatum
707 1620 934 1706 appellationis
972 1620 1073 1686 vicem
1110 1625 1265 1706 praestat3
1302 1624 1414 1686 contra
1450 1621 1485 1684 in

308 1733 422 1814 quarto
446 1750 561 1814 genere
583 1749 702 1793 nomen
725 1726 894 1811 quoddam,
918 1727 1005 1810 quod
1027 1727 1216 1812 plerumque
1240 1727 1390 1793 adiectivi
1412 1726 1484 1793 loco

307 1836 448 1920 ponitur,
476 1857 548 1901 cum
575 1834 801 1919 appellationis
829 1834 979 1920 genetivo
1002 1834 1158 1920 iungitur,
1181 1834 1236 1899 scd
1254 1838 1340 1899 certa
1358 1837 1484 1900 tantum

308 1942 441 2007 nomina
463 1941 526 2007 hoc
549 1942 644 2006 modo
668 1944 873 2025 usurpantur,
895 1940 997 2005 veluti
1020 1944 1077 2024 βία
1100 1947 1130 2016 ίς
1152 1941 1251 2025 μένος
1279 1939 1402 2018 σθένος
1423 1949 1484 2024 κῆρ

309 2048 408 2132 δέμας
430 2048 628 2134 κολραιύμμα
652 2050 757 2131 ὄνομα
779 2056 887 2132 χρῆμα
911 2048 1013 2131 φύσις
1035 2047 1163 2112 similia.

398 2153 497 2219 Cuius
521 2154 713 2221 elocutionis
741 2154 827 2239 apud
850 2151 1032 2239 Gorgiam
1058 2154 1168 2219 inveni
1195 2154 1258 2219 hoc
1288 2155 1485 2239 exemplum:

398 2270 443 2347 τῷ
467 2265 619 2349 φρονίμῳ
643 2269 700 2344 τῆς
723 2262 854 2344 γνώμης
875 2262 936 2346 frg.
956 2258 1017 2324 61)
1035 2262 1108 2325 loco
1131 2270 1170 2346 τῇ
1189 2265 1342 2350 φρονίμῳ
1362 2263 1485 2345 γνώμῃ.

310 2365 361 2454 (τὸ
389 2369 499 2454 ἄφρον
523 2366 602 2451 (τίς
625 2364 781 2453 saaca)

400 2472 462 2538 Sed
481 2473 516 2537 in
535 2477 649 2557 quarto
669 2495 784 2559 genere
802 2473 958 2538 usitatum
977 2472 1070 2538 illum
1089 2473 1221 2538 modum
1239 2472 1336 2559 longe
1350 2473 1487 2539 excessit

311 2585 407 2666 atque
439 2579 605 2665 quodlibet
638 2579 830 2645 adiectivnm
861 2580 895 2645 in
928 2580 1076 2645 idoneam
1109 2580 1357 2666 appellationem
1384 2583 1487 2645 trans·

311 2687 476 2774 figuravit:

402 2797 508 2879 νόμου
532 2793 700 2879 ἀκριβείας
722 2795 783 2880 frg.
807 2794 869 2858 61)
892 2816 951 2878 pro
975 2797 1082 2878 νόμον
1106 2791 1302 2881 ἀκριβοῦς’).

402 2902 511 2983 λόγιον
536 2900 701 2985 ὀρθότητα
724 2899 802 2965 ibid.
823 2901 898 2965 loco
921 2899 1047 2987 ὀρθοὺς
1069 2903 1198 2983 λόγους.

404 3007 439 3072 ol
458 3002 519 3091 μὲν
543 3006 690 3072 πλούτου
712 3005 847 3091 μεγέθη,
871 3008 907 3071 οί
923 3003 960 3070 δέ
978 3006 1146 3090 εὐγενείας
1164 3011 1304 3084 παλαιᾶς
1322 3006 1487 3090 εὐδοξίαν,

313 3115 349 3180 οί
369 3109 405 3179 δέ
429 3112 531 3196 ἀλκῆς
554 3116 675 3189 οἰκείας
700 3112 845 3198 εὐεξίαν,
873 3114 909 3179 οί
933 3108 970 3177 δέ
1000 3117 1118 3199 σοφίας
1145 3112 1320 3197 ένιιιιιύτον
1344 3116 1487 3199 δύναμιν

313 3223 420 3305 ἔσχον.
457 3217 529 3284 Hel.
546 3219 576 3283 4.
623 3217 694 3296 Quo
717 3218 789 3285 loco
814 3220 1002 3305 scriptorem
1025 3219 1146 3286 isoccla
1169 3220 1365 3304 quaesivisse
1388 3222 1489 3287 mani-

312 3328 432 3392 festum
455 3329 513 3409 est,
536 3347 656 3410 quare
680 3348 806 3409 semper
827 3348 946 3392 nomen
964 3347 1038 3392 cum
1061 3327 1210 3412 genetivo
1234 3325 1408 3392 coniunxit.
1449 3327 1489 3393 ln

312 3432 474 3517 prioribus
503 3435 610 3496 autem
638 3433 716 3496 colis
748 3434 975 3518 grammaticae
1001 3434 1142 3498 rationes
1170 3437 1245 3497 sunt
1274 3438 1488 3500 commutatae

314 3539 398 3604 inter
421 3560 464 3622 se,
487 3541 584 3624 ἔσχον
608 3539 694 3604 enim
718 3538 753 3603 οί
773 3536 833 3623 μὲν
857 3538 962 3624 μέγαν
985 3544 1142 3624 πλοῦτον,
1165 3540 1201 3605 οί
1221 3536 1258 3605 δέ
1277 3540 1415 3619 εὔδοξον
1434 3541 1488 3606 καὶ

314 3646 459 3710 παλαιὰν
482 3642 662 3727 εὐγένειαν.
710 3644 829 3710 Contra
852 3646 887 3709 in
909 3646 1043 3730 reliquis
1071 3646 1149 3713 colis
1177 3646 1275 3712 verba
1304 3646 1433 3726 εὐεξίαν
1456 3651 1489 3712 et

315 3752 460 3835 δύναμιν
480 3750 575 3835 plane
599 3772 833 3835 supervacanea
856 3757 932 3818 sunt
954 3757 987 3818 et
1009 3754 1147 3838 inutilia,
1169 3775 1273 3837 neque
1297 3753 1434 3838 scriptor
1452 3776 1489 3819 ea

191 3905 196 3916 .
316 3857 432 3923 adiecit
454 3858 518 3923 nisi
541 3859 700 3943 comparis
723 3881 826 3925 causa.

405 3965 424 4047 ἡ
450 3966 590 4049 δύναμις
613 3974 670 4049 τῆς
692 3964 821 4054 lapsae
843 3965 915 4030 Hel
935 3965 986 4030 10.

407 4159 432 4226 1)
451 4157 485 4210 cf.
501 4156 723 4224 Klihnerdlerth,
739 4157 917 4213 Gricchische
933 4157 1109 4214 Grammatik
1126 4160 1172 4215 111.
1184 4159 1250 4215 edit.
1270 4160 1322 4213 vol.
1333 4160 1359 4213 H
1369 4166 1393 4226 1,
1412 4165 1489 4228 1898,

315 4265 342 4315 p.
354 4250 406 4298 277
417 4262 476 4313 sqq.
513 4245 594 4300 Hanc
613 4246 806 4312 elocutionem¹
829 4263 1001 4316 quamquam
1018 4249 1110 4317 poetis
1128 4266 1185 4303 non
1203 4247 1270 4303 solis
1289 4265 1421 4304 concessa
1439 4251 1489 4315 est,

316 4335 411 4388 tamen
434 4350 498 4387 cum
521 4333 551 4387 in
575 4333 745 4389 carminibus
769 4351 803 4389 er
821 4335 937 4390 Homeri
958 4337 1132 4405 temporibus
1154 4336 1342 4392 usitatissima
1364 4337 1414 4406 sit,
1436 4338 1490 4393 hoc

316 4421 378 4476 loco
397 4423 519 4477 tractare
538 4422 608 4476 mihi
626 4423 719 4478 liceat.

406 4514 432 4581 2)
451 4511 527 4581 quod
546 4510 604 4566 iam
623 4511 769 4570 adnotavit
787 4512 866 4581 Blafl,
886 4513 945 4569 Aa.
959 4513 1071 4568 Bereds.
1085 4513 1113 4568 1¹
1130 4532 1157 4585 p.
1173 4519 1215 4569 66.
