3509 5325
747 460 945 521 -γ-

257 623 355 699 ζοντα
375 615 415 699 Ιδέ
437 626 476 705 τῇ
501 616 674 703 σεμνότητι
702 620 761 684 καί
781 640 847 684 που
872 616 928 684 καὶ
950 620 1243 704 μακρολογώτερον
1267 629 1326 685 τοῦ
1350 636 1431 704 συμ-

256 724 390 811 μέτρου,
412 726 474 809 τὴν
497 724 590 791 ἰδέαν
613 725 717 790 αὐτοῦ
740 726 840 814 μύθφ
864 733 977 812 μακρῷ
1002 724 1244 811 ἐχαρακτηρισε.

346 831 385 897 de
407 831 584 899 Prodioo:
611 830 793 916 Xenophon
816 854 947 897 memor.
970 830 1003 897 H
1024 833 1053 916 1,
1066 832 1111 897 34
1136 831 1295 917 ἐκόσμησε
1319 831 1432 916 μέντοι

257 940 314 1017 τὰς
337 940 469 1023 γνώμας
492 941 539 1004 ἔτι
562 937 825 1023 μεγαλειοτέροις
848 938 992 1023 ῥήμασιν
1015 937 1035 1021 ἢ
1059 938 1123 1023 ἐγώ
1146 948 1219 1005 νῦν.

344 1045 561 1112 Philostratus
583 1046 639 1109 vit.
658 1044 749 1130 soph.
768 1069 798 1129 p.
815 1045 856 1109 16
881 1042 927 1131 (II
945 1067 976 1129 p.
993 1042 1049 1131 14)
1072 1044 1112 1112 K.
1134 1042 1189 1110 καί
1211 1049 1248 1111 τί
1268 1045 1310 1112 διν
1332 1071 1432 1133 χαρα-

223 1231 226 1236 .
256 1156 463 1238 κτηρίξοιμεν
494 1153 555 1236 τὴν
587 1162 647 1218 τοῦ
680 1153 852 1237 Προδίκου
884 1156 1047 1236 γλῶτταν,
1081 1151 1296 1237 Ξενοφῶντος
1327 1154 1432 1238 αὐτην

258 1260 378 1337 ίκανῶς
399 1258 663 1345 ύπογρύφοντος.

346 1366 384 1431 de
402 1364 477 1451 Hip
483 1366 547 1451 pia
565 1363 688 1454 (Plato)
712 1364 850 1450 Hippias
869 1366 942 1431 mai.
957 1364 1076 1431 286A:
1099 1364 1155 1432 καὶ
1173 1368 1281 1445 ἄλλως
1303 1362 1341 1432 εὖ
1361 1369 1432 1433 δια-

256 1470 482 1557 κείμενοςκαὶ
506 1484 574 1551 τοίς
598 1473 746 1557 ὀνόμασι.

344 1578 560 1645 Philostratus
593 1579 679 1663 apud
706 1577 910 1645 Athenaeum
937 1578 1018 1645 XIII
1041 1578 1152 1646 609A
1178 1563 1364 1665 Ἡρμύνευε
1395 1576 1433 1645 δὲ

257 1685 318 1753 οὐκ
342 1686 496 1770 ἐλλιπῶς,
525 1686 608 1753 ἀλλὰ
631 1698 788 1771 περιττῶς
815 1684 975 1752 καὶκατὰ
998 1688 1119 1771 φύσιν,
1146 1689 1193 1764 είς
1216 1686 1312 1770 ὀλίγα
1335 1710 1431 1752 κατα-

256 1794 391 1878 φεύγων
415 1804 482 1859 τῶν
505 1792 541 1858 ἐκ
563 1802 733 1877 ποιητικῆς
756 1792 911 1877 ὀνόματα.

345 1899 383 1965 de
406 1897 649 1984 Antiphonte
676 1898 834 1984 sophista:
861 1897 1083 1984 Hermogenes
1109 1896 1184 1984 περὶ
1214 1901 1312 1966 ἰδεῶν
1334 1897 1367 1965 Π
1391 1900 1429 1963 11

257 2004 301 2094 (p.
321 2005 386 2074 415
411 2002 565 2093 Spengel)
589 2005 716 2089 ὑψηλὸς
740 2001 777 2070 δέ
798 2014 838 2091 τῇ
862 2004 947 2085 λέξει
970 2005 1024 2071 καλ
1047 2006 1176 2091 τραχύς.

346 2113 509 2199 Gorgiae
537 2131 716 2177 sermonem
744 2115 867 2177 veteres
900 2112 939 2177 de
971 2117 1038 2177 arte
1069 2111 1231 2178 rhetorioa
1258 2112 1431 2197 scriptores

256 2222 359 2286 multo
388 2220 516 2304 saepius
545 2222 811 2303 oommemorant,
842 2241 907 2303 qua
933 2240 969 2284 ro
995 2220 1114 2285 eortius
1141 2220 1181 2284 de
1210 2241 1248 2284 eo
1276 2219 1431 2285 iudicium

255 2328 325 2393 fieri
351 2330 468 2411 potest.
515 2324 614 2391 Cuius
643 2324 834 2392 elocutionis
863 2326 927 2391 duo
955 2326 1161 2411 potissimum
1188 2329 1264 2391 sunt
1291 2326 1431 2409 propria.

255 2435 400 2499 Primum
436 2433 563 2519 poetica
594 2433 750 2498 orationis
783 2437 971 2498 ornamenta
1001 2437 1127 2518 praeter
1162 2433 1295 2499 modum
1333 2433 1430 2498 auxit.

256 2539 356 2607 Cuius
379 2541 426 2606 rei
449 2540 640 2627 gravissima
661 2540 847 2605 testimonia
869 2544 945 2605 sunt
966 2540 1058 2605 haee:

345 2645 536 2714 Aristoteles
567 2645 648 2713 rhet.
671 2644 720 2712 Ill
746 2647 763 2713 1
797 2670 828 2732 p.
850 2646 936 2712 1404
956 2671 975 2713 a
992 2647 1036 2712 24
1069 2644 1138 2713 ἐπεὶ
1170 2644 1203 2712 δ’
1235 2647 1270 2713 ol
1299 2644 1431 2732 ποιηταί

256 2755 407 2839 λέγοντες
444 2755 553 2838 εὐήθη
593 2755 649 2820 διὰ
685 2755 745 2838 την
781 2751 872 2832 λέξιν
909 2753 1050 2820 ἐδόκουν
1086 2757 1291 2839 πορίσασθαι
1331 2757 1430 2839 τήνδε

257 2862 348 2948 [τὴν]
371 2859 488 2946 δόξαν,
517 2862 572 2926 διὰ
597 2871 696 2927 τοῦτο
719 2861 870 2945 ποιητικὴ
894 2862 1006 2946 πρώτη
1031 2859 1160 2945 ἐγένετο
1184 2858 1286 2944 λέξις,
1313 2852 1387 2927 οἷον
1409 2861 1430 2944 ἡ
1540 2889 1542 2892 ’

259 2972 413 3054 Γοργίου.
898 2961 906 2975 ’

346 3074 523 3158 Dionysius
545 3072 649 3138 Helio.
667 3073 741 3158 Lys.
760 3074 795 3140 3:
822 3075 931 3159 ἥψατο
959 3071 997 3140 δέ
1023 3072 1078 3140 καὶ
1101 3085 1168 3140 τῶν
1188 3071 1349 3159 Ἀθήνησι
1373 3074 1430 3159 ῥη-

256 3185 365 3267 τόρων
383 3181 403 3266 ἡ
421 3183 574 3265 ποιητική
592 3203 627 3246 τε
645 3177 701 3246 καὶ
719 3183 857 3266 τροπικὴ
876 3180 1009 3267 φράσις,
1031 3181 1076 3258 ώς
1099 3177 1160 3264 μὲν
1183 3183 1319 3266 Τίμαιός
1337 3199 1431 3267 φησι,

258 3292 402 3374 Γοργίου
421 3285 591 3373 όίρξαντος,
612 3287 710 3372 ἡνίκα
726 3283 885 3373 Ἀθήναξε
902 3289 1096 3373 πρεσβεύων
1114 3285 1334 3372 κατεπλήξατο
1352 3291 1431 3365 τοὺς

257 3396 439 3473 ἀκούοντας
463 3393 499 3460 ἐν
521 3403 560 3481 τῇ
584 3395 780 3482 δημηγορίᾳ.

345 3502 421 3567 ibid.
445 3500 482 3567 ἐν
505 3506 641 3577 πολλοῖς
662 3501 751 3566 πάνυ
769 3503 933 3586 φορτικὴν
955 3499 1010 3566 καλ
1032 3498 1219 3587 ὑπέρογκον
1239 3512 1346 3567 ποιῶν
1368 3501 1430 3584 την

255 3610 461 3694 κατασκευὴν
483 3606 538 3674 καὶ
561 3608 603 3674 ού
625 3610 738 3693 πόρρω
763 3609 985 3693 διθυράμβων
1008 3610 1080 3673 ἔνια
1103 3604 1342 3693 φθεγγόμενος.

344 3716 512 3782 Praeterea
530 3714 736 3780 celeberrima
754 3716 810 3780 ills
829 3718 976 3801 σχήματα
992 3717 1146 3798 Γοργίεια
1166 3712 1300 3801 Gorgias
1320 3737 1429 3800 quam-

256 3847 353 3910 quam
375 3844 442 3888 non
465 3822 587 3888 invenit
609 3825 718 3887 tamen
741 3822 931 3888 ereberrime
953 3822 1133 3906 usurpavit:

345 3930 507 3996 Diodorus
528 3927 591 3994 XII
608 3927 698 4014 53,4
719 3940 848 4012 πρῶτος
872 3930 935 4014 γὰρ
960 3928 1119 4014 ἐχρήσατο
1142 3940 1211 4005 τοίς
1232 3936 1291 4011 τῆς
1313 3925 1429 4006 λέξεως

256 4048 492 4124 σχηματισμοῖς
505 4033 745 4121 περιττοτέρως
763 4033 817 4101 καὶ
831 4045 870 4122 τῇ
890 4038 1083 4122 φιλοτεχνίᾳ
1103 4033 1321 4119 διαφέρουσιν
1340 4034 1429 4101 ἀντι-

255 4143 367 4222 δέτοις
385 4141 441 4210 καλ
460 4143 633 4220 ίσοκώλοις
655 4139 710 4208 καί
727 4145 881 4227 παρίσοις
902 4139 957 4207 καὶ
981 4142 1241 4227 όμοιοτελεύτοις
1263 4145 1322 4208 καί
1339 4160 1428 4207 τισιν

256 4249 379 4336 έτέροις
400 4251 571 4325 τοιούτοις.

344 4356 476 4441 Dionys.
500 4356 541 4421 ad
567 4354 674 4422 Amm.
695 4354 766 4421 Π2
793 4357 851 4433 τδις
877 4357 1078 4437 παρισώσεις
1104 4352 1159 4421 καὶ
1186 4355 1428 4440 παρομοιώσεις

255 4461 310 4529 καί
333 4466 579 4548 παρονομασίας
595 4461 656 4528 ’καί
679 4460 875 4546 ἀντιθέσεις,
899 4460 936 4527 ἐν
959 4453 1011 4538 αἶς
1033 4460 1210 4527 ἐπλεόνασε
1233 4464 1382 4544 Γοργίας.
1485 4504 1487 4508 -

347 4567 457 4634 Oioero
481 4574 560 4635 orat.
580 4568 638 4656 52,
656 4568 719 4635 175
748 4570 850 4654 ‘paria
877 4569 1009 4653 paribus
1039 4570 1189 4635 adiuncta
1217 4572 1250 4635 et
1279 4567 1427 4632 similiter
