3509 5325
732 485 952 549 „41-

253 666 347 730 aegre
375 647 483 729 potest
510 644 686 709 diiudicari.
733 644 772 709 cf.
796 644 953 710 Heracliti
976 649 1081 728 Δίκης
1109 646 1214 728 ὄνομα
1242 649 1274 710 et
1301 646 1429 730 similia,

252 751 345 833 ήλιος
368 752 430 835 γάρ
455 750 516 835 οὐχ
534 751 753 837 ὑπερβήσεται
771 751 853 836 <τά>
872 750 986 835 μέτρα·
1010 754 1042 816 εἰ
1063 748 1100 816 δὲ
1121 753 1181 834 μή,
1201 748 1348 837 Ἐρινύες
1370 777 1428 836 μιν

254 861 360 940 Δίκης
383 855 552 941 ἐπίκουροι
576 855 821 943 ἐξευρήσουσιν,
848 857 1048 922 Parmenidis
1071 858 1162 941 δίκη,
1186 868 1300 942 μοῖρα,
1322 856 1428 942 θέμις.

253 961 350 1047 Apud
377 962 537 1047 sophistas
566 966 672 1029 autem
699 964 861 1048 mythicae
888 964 1037 1029 notiones
1064 986 1196 1048 prorsus
1224 969 1300 1031 sunt
1326 968 1428 1030 trans-

252 1071 408 1135 formatae
430 1071 465 1135 in
489 1070 643 1134 orationis
667 1074 862 1135 ornamenta.

343 1263 405 1330 Sed
435 1269 471 1329 ut
502 1266 542 1329 ad
571 1264 810 1332 Herodotum
840 1271 1052 1350 revertamur,
1086 1266 1180 1332 nobis
1211 1267 1428 1351 quaerendum

253 1376 314 1457 est,
344 1394 422 1436 num
452 1372 538 1435 hunc
566 1394 694 1455 quoque
723 1372 757 1436 in
781 1372 925 1458 illaria,
956 1396 1036 1458 quae
1066 1374 1106 1437 ab
1129 1372 1265 1438 Hesiodi
1288 1374 1428 1439 carmine

253 1480 316 1543 fert
346 1480 386 1543 ad
410 1478 621 1563 philosophos
652 1482 684 1542 et
715 1478 888 1564 sophistas,
924 1480 1131 1545 offendamus.
1183 1477 1301 1544 Omnes
1330 1479 1428 1564 locos,

254 1586 370 1669 quibus
399 1586 537 1669 scriptor
564 1607 614 1649 res
644 1586 801 1650 inanimae
830 1590 886 1651 aut
913 1586 1119 1672 imaginarias
1147 1586 1287 1651 humana
1315 1591 1429 1652 natura

255 1692 385 1757 induere
408 1691 542 1775 videtur,
565 1714 800 1757 enumeremus:

319 1792 321 1796 ’
345 1799 424 1881 όφιν
448 1793 534 1864 εἶναι
555 1808 614 1882 χής
632 1801 734 1863 παῖδα
753 1797 769 1862 Ι
785 1799 835 1885 78,
852 1800 908 1883 12,
931 1798 969 1864 cf.
991 1799 1089 1864 ἐπεάν
1113 1795 1150 1865 δὲ
1174 1800 1328 1884 διάκορος
1345 1800 1366 1884 ή
1385 1810 1426 1885 μή

256 1923 367 1989 σφεων
400 1904 532 1989 γένηται
564 1908 707 1970 πίνουσα
735 1909 771 1972 τὸ
799 1906 892 1990 ὕδωρ
920 1904 968 1969 ΠΙ
994 1906 1066 1990 117,
1090 1905 1142 1970 25.
1189 1905 1320 1971 Terram
1347 1907 1429 1972 anti-

256 2012 443 2096 quissimam
479 2012 579 2077 fuisse
615 2011 705 2077 deam
742 2016 875 2078 constat
931 2013 971 2077 cf.
998 2011 1034 2077 Il.
1063 2016 1096 2077 Γ
1121 2013 1185 2077 104
1218 2016 1267 2097 Γη
1303 2036 1337 2078 τε
1373 2011 1428 2078 καὶ

253 2115 380 2205 Ἠελίῳ,
405 2118 468 2182 278
497 2140 532 2183 oc
556 2118 695 2203 saepius,
719 2118 852 2185 Hesiodi
876 2118 998 2204 Theog.
1019 2118 1080 2183 117
1104 2115 1179 2184 Γαῖ’
1202 2118 1428 2205 εὐρύστερνος.

344 2235 381 2298 τὸ
411 2234 471 2318 μέν
503 2235 565 2299 κού
597 2257 628 2299 τι
662 2232 717 2299 καὶ
749 2236 785 2301 τὸ
818 2238 940 2321 χωρίον
974 2232 1153 2318 συμμαχέει
1185 2236 1331 2311 κολωνός
1363 2233 1429 2301 έών

256 2339 347 2426 198,
368 2340 423 2425 17;
454 2340 656 2425 παρεξεῦρον
688 2342 791 2406 άλλον
824 2344 930 2424 νόμον
967 2342 1139 2424 σύμμαχον
1171 2340 1259 2427 αὐτῷ
1292 2339 1428 2407 θέλοντι

256 2445 388 2532 γαμέειν
413 2446 574 2532 ἀδελφεάς
595 2444 644 2512 HI
663 2447 715 2530 31,
734 2447 791 2533 213
821 2456 885 2512 νῦν
909 2443 946 2511 δὲ
970 2450 1128 2530 συντυχίη
1152 2458 1238 2511 τοῖσι
1261 2442 1322 2530 μέν
1345 2447 1428 2529 κακή

257 2552 442 2637 ἐπεγένετο,
470 2564 555 2619 τοῖσι
584 2550 664 2637 δδή
693 2553 774 2637 αὐτή
804 2553 886 2637 αὕτη
915 2554 1084 2638 σύμμαχος
1106 2552 1138 2617 V
1157 2552 1209 2638 65,
1228 2553 1263 2639 63
1296 2554 1339 2629 ὡς
1367 2550 1429 2635 μέν

257 2658 320 2744 ἐγὼ
352 2658 456 2726 δοκέω
486 2657 541 2726 καὶ
573 2664 609 2727 τὸ
644 2663 733 2737 οίκὸς
766 2658 838 2745 ἐμοὶ
871 2661 1073 2746 συμμάχεται
1096 2658 1160 2724 Vl]
1182 2661 1262 2745 239,
1287 2661 1315 2725 7.
1366 2658 1428 2737 Qui

254 2768 318 2833 loci
350 2769 434 2832 clare
466 2769 683 2834 demonstrare
715 2767 795 2832 mihi
828 2768 978 2833 videntur
1008 2767 1165 2834 vocabula
1197 2769 1366 2853 σύμμαχος
1396 2770 1430 2831 et

254 2874 453 2959 συμμαχέειν
476 2874 632 2939 translata
651 2875 813 2940 communi
832 2897 961 2958 qnoque
980 2875 1210 2940 consuetudine
1231 2875 1428 2960 significasse

257 2981 454 3046 ‘secundum'
468 2965 511 3045 et
534 2981 706 3064 ‘prodesse’
729 2981 780 3044 vel
805 2982 987 3065 ‘adiuvare’,
1011 3003 1092 3063 qnae
1111 2982 1360 3064 comprobantur
1376 2981 1429 3044 his

254 3087 348 3152 locis:
368 3086 511 3172 Thucyd.
524 3085 573 3150 IV
589 3086 639 3170 10,
653 3086 688 3169 33
711 3086 856 3171 Xenoph.
872 3084 974 3150 Anah.
988 3086 1020 3151 ΙΙ
1035 3088 1067 3171 4,
1078 3087 1111 3172 7,
1135 3085 1250 3171 Oyrop.
1264 3085 1313 3150 IH
1328 3088 1358 3171 2,
1372 3087 1429 3170 20,

255 3192 460 3278 Hipparchl
479 3194 512 3278 33
536 3192 616 3258 Plat.
636 3191 759 3258 Phileb.
778 3217 809 3278 p.
826 3193 905 3257 14Β
928 3215 993 3278 rep.
1007 3193 1028 3256 l.
1042 3191 1090 3257 IV
1108 3216 1139 3276 p.
1153 3193 1220 3257 440
1231 3190 1264 3257 O.

343 3307 492 3375 καλέεται
517 3305 553 3373 δὲ
576 3309 595 3391 ή
623 3313 721 3393 λίμνη
745 3309 827 3393 αὕτη
848 3308 960 3393 ὀρθῶς
978 3312 1084 3393 μήτηρ
1103 3306 1257 3384 Ὑπάνιος
1279 3306 1327 3372 IV
1340 3306 1428 3392 52,3

256 3419 288 3480 et
314 3415 334 3499 ἣ
358 3419 504 3498 Μαιῆτίς
533 3439 568 3480 τε
595 3415 744 3480 καλέεται
773 3413 828 3479 καὶ
861 3416 966 3500 μήτηρ
996 3425 1056 3480 τοῦ
1080 3417 1216 3480 Πόντου
1238 3413 1357 3499 IV86,
1379 3415 1429 3494 17,

257 3544 339 3605 quae
362 3526 438 3587 sunt
460 3523 593 3586 nomina
615 3523 755 3606 propria.

343 3627 538 3712 έπειχδήναι
553 3627 613 3712 μέν
628 3653 691 3694 νυν
704 3638 772 3695 πᾶν
785 3639 919 3713 πρῆγμα
934 3632 1035 3694 τίκτει
1050 3628 1225 3713 σφάλματα
1236 3627 1300 3692 VH
1312 3628 1384 3712 1οζ,
1396 3628 1429 3713 1,

256 3733 339 3817 λέγω
372 3736 433 3818 τήν
465 3736 576 3819 χώρην
608 3740 733 3801 πλεῦνα
766 3735 802 3800 έν
832 3734 948 3802 πλέονι
983 3737 1091 3822 χρόνῳ
1122 3734 1302 3817 γινομένην
1331 3737 1429 3818 λιμὸν

254 3841 406 3920 τέξεσθαι
429 3840 493 3906 VH
515 3841 568 3920 49,
594 3842 643 3905 19,
694 3845 817 3907 τίκτειν
846 3847 931 3907 certe
960 3841 1141 3906 declarabat
1173 3841 1270 3905 etiam
1301 3861 1429 3905 causam

255 3947 390 4013 odicuius
413 3949 460 4012 rei
484 3970 566 4032 esse,
594 3948 753 4032 siquidem
776 3949 910 4013 verbum
935 3947 1128 4033 ἐπειχθῆναι
1150 3948 1292 4011 humana
1314 3951 1429 4010 natura

255 4054 345 4120 indui
372 4054 505 4119 minime
531 4055 647 4139 potuit.
693 4054 802 4138 Atque
831 4053 964 4118 eandem
990 4054 1080 4119 verbi
1111 4054 1278 4118 notionem
1307 4054 1429 4118 inveni·

256 4183 327 4226 mus
350 4161 385 4225 in
407 4160 560 4245 Aeschyli
580 4160 667 4246 Sept.
681 4162 760 4246 4203
784 4160 955 4246 Sophoclis
973 4160 1024 4225 Αἰ.
1039 4160 1114 4244 522,
1136 4160 1185 4225 ΕΙ.
1201 4159 1281 4246 2353
1303 4158 1429 4225 Aristo-

255 4266 370 4351 phanis
402 4268 482 4333 Ran.
508 4267 608 4354 10593
648 4266 872 4351 Xenophontis
903 4265 1018 4354 Cyrop.
1038 4266 1101 4331 VH
1127 4266 1162 4350 5,
1189 4266 1246 4352 233
1283 4265 1428 4332 Platonis

255 4373 333 4457 Rep.
348 4372 428 4438 VHI
449 4398 479 4459 p.
499 4373 562 4439 547
579 4371 617 4440 Α.

345 4475 370 4544 ὦ
393 4482 513 4567 πικρὸν
535 4480 627 4567 ὕδωρ
651 4479 709 4568 (sc.
725 4478 969 4568 Ἑλλήσποντε),
994 4482 1152 4564 δεσπότης
1175 4503 1226 4545 τοι
1246 4481 1341 4562 δίκην
1361 4478 1427 4544 έπι-

255 4592 346 4650 τιθεῖ
359 4587 468 4669 τήνδε,
490 4587 540 4652 ότι
556 4611 614 4671 μιν
631 4589 792 4673 ήδίκησας
813 4584 914 4652 οὐδέν
935 4589 1018 4674 πρὸς
1036 4587 1165 4652 ἑκείνου
1182 4587 1305 4652 άδικον
1316 4588 1429 4653 παθὸν
