3509 5325
782 368 996 431 *22-

302 527 403 593 Fullo.
441 525 498 592 Od.
519 530 538 592 δ
555 528 618 592 788
633 524 712 593 κεῖτ’
735 524 787 611 ἀρ’
810 528 923 604 ἀσιτος
940 528 1084 603 ἄπαστος
1098 525 1234 609 έδήτυος
1253 523 1313 610 ἠδὲ
1329 535 1478 610 ποτῆτος.

305 634 404 719 Soph.
415 632 451 698 O.
462 633 498 701 T.
509 634 574 699 190
588 635 728 719 ἀχαλκος
741 633 902 699 ἀσπίδων.
931 632 981 697 llll.
997 632 1040 697 36
1055 633 1198 698 ἀσκευον
1212 632 1362 698 ἀσπίδων
1376 656 1409 697 τε
1424 630 1478 697 καὶ

305 750 457 824 στρατοῦ.
502 740 615 825 Eurip.
634 740 704 805 Hel.
726 738 820 828 (524)
846 741 967 824 ἀφιλος
989 743 1108 823 φίλων.
1141 738 1252 825 Suppl.
1272 737 1315 804 35
1339 740 1479 814 ἀπαιδας

304 848 401 914 τάσδε
425 846 565 933 μητέρας
583 846 729 912 τέκνων.
775 845 820 912 At
848 848 945 922 ἀπαις
968 845 1108 911 declarat
1134 868 1201 911 non
1228 846 1334 911 solum
1359 868 1378 909 a
1401 846 1478 911 filiis

305 955 429 1039 orbum,
446 977 557 1019 verum
576 954 672 1019 etiarn
692 976 711 1017 a
729 953 839 1017 liberis
857 953 981 1037 orbum,
1000 953 1085 1037 quod
1103 953 1183 1017 haec
1202 953 1302 1037 ipsius
1322 951 1480 1017 Herodoti

304 1061 402 1127 verba
434 1061 668 1125 demonstrant:
704 1059 753 1125 ΠΙ
767 1058 850 1143 66,6
884 1060 1007 1124 ἀπαιδα
1045 1056 1080 1123 δὲ
1117 1062 1155 1123 τὸ
1191 1059 1348 1141 παράπαν
1384 1058 1480 1124 ἐόντα

306 1170 438 1254 ἔρσενος
468 1164 522 1231 καὶ
551 1170 672 1249 θήλεος
700 1168 811 1249 γόνου.
858 1164 980 1229 Eadem
1013 1170 1120 1229 autem
1153 1187 1216 1230 vox
1243 1167 1329 1230 valet
1356 1188 1375 1229 a
1404 1165 1480 1229 filiis

305 1274 420 1340 orbum
443 1274 478 1338 in
500 1275 562 1338 hoc
591 1273 695 1358 capite
718 1270 860 1357 V48,4:
894 1268 965 1335 ἀλλ’
997 1270 1145 1336 ἀπέθανε
1172 1274 1286 1356 ἀπαις,
1312 1265 1481 1355 θυγατέρα

305 1383 433 1463 μούνην
453 1382 567 1446 λιπών.
613 1379 784 1464 Duplieem
804 1378 905 1465 igitur
923 1379 1115 1443 sententiam
1134 1376 1319 1446 Herodotus
1342 1379 1391 1443 illi
1408 1380 1481 1443 voci

306 1486 451 1551 subiecit.
497 1484 604 1570 Atque
629 1489 762 1570 ἔρσενος
784 1490 889 1568 γόνου
916 1484 1105 1551 adiunctum
1132 1489 1195 1569 est,
1223 1506 1296 1550 cum
1323 1485 1480 1551 hocloco

306 1593 393 1677 quod
415 1590 575 1678 Astyages
599 1592 721 1676 pueris,
748 1614 815 1656 non
842 1591 960 1677 puellis
984 1595 1097 1656 auctus
1126 1595 1189 1677 est,
1219 1592 1323 1678 magis
1345 1593 1482 1658 intersit.
1600 1611 1603 1619 ·

305 1699 395 1767 Idem
428 1699 597 1764 dicendum
630 1699 669 1763 de
702 1698 861 1783 capitibus
894 1697 959 1762 VH
973 1699 1014 1762 61
1039 1701 1072 1762 et
1095 1697 1177 1783 205,
1209 1700 1286 1783 quia
1317 1698 1417 1764 filiam
1449 1702 1483 1764 et

307 1804 427 1890 Cephei
451 1806 588 1891 scriptor
611 1809 841 1871 commemorat
864 1810 897 1869 et
920 1803 1109 1870 Cleomenis.

395 1914 454 1977 τὸν
478 1913 600 1977 κύκλον
621 1913 728 1977 πάντα
746 1922 806 1977 τοῦ
825 1911 973 1994 ούρανοῦ
991 1909 1008 1976 Ι
1024 1911 1097 1995 131,
1109 1912 1137 1975 7.
1183 1911 1259 1978 Vox
1276 1914 1396 1989 κύκλος
1414 1915 1484 1978 sola

307 2018 431 2084 eaelum
465 2018 662 2105 significasse
693 2040 759 2083 non
790 2018 931 2102 videtur,
961 2018 1025 2083 nisi
1057 2019 1143 2103 apud
1169 2024 1288 2102 poetas.
1321 2020 1360 2096 cf.
1385 2018 1483 2105 Soph.

307 2124 390 2190 Phil.
411 2124 483 2190 815.

397 2232 457 2314 την
485 2240 594 2296 πᾶσαν
623 2233 752 2297 δίαιταν
783 2240 839 2313 τῆς
867 2234 942 2316 ζόης
963 2230 1069 2315 1157,
1079 2232 1108 2295 9.
1133 2234 1242 2297 δίαιτα
1270 2233 1304 2297 in
1326 2231 1485 2299 Herodoti

307 2338 400 2403 libris
423 2339 508 2403 valet
531 2341 588 2403 aut
610 2338 710 2403 vitam
735 2334 832 2423 (136,
844 2337 908 2401 136
930 2337 963 2403 Π
977 2338 1030 2421 36,
1041 2337 1100 2424 68)
1122 2342 1179 2403 aut
1200 2339 1322 2404 victum
1342 2337 1403 2427 (IX
1417 2338 1485 2426 82).

307 2443 430 2509 Nostro
446 2448 554 2509 autem
572 2444 644 2509 loeo
665 2445 802 2527 scriptor
820 2465 894 2509 cum
914 2445 952 2508 de
972 2445 1060 2509 omni
1079 2445 1165 2510 vitae
1182 2446 1306 2510 ratione
1324 2447 1485 2529 loquatur,

308 2550 395 2615 haud
418 2551 526 2635 inepte
549 2554 721 2634 utrumque
744 2550 938 2617 vocabulum
962 2551 1137 2637 coniungit.

399 2659 575 2741 Δήμητρος
597 2661 726 2744 καρπόν
748 2655 764 2723 I
780 2657 907 2743 193,14
929 2656 978 2723 IV
994 2657 1067 2742 198,
1077 2661 1105 2723 5.
1145 2656 1238 2734 Quod
1255 2659 1389 2724 verbum
1408 2659 1486 2724 coti-

311 2765 443 2829 dianum
466 2765 565 2828 fuisse
589 2765 670 2829 mihi
694 2765 823 2848 quidem
846 2765 988 2850 videtur,
1018 2786 1091 2829 eum
1114 2769 1249 2852 uterque
1271 2767 1362 2831 locus
1385 2766 1487 2850 poeti-

314 2893 387 2937 cum
420 2871 561 2936 colorem
591 2873 843 2956 ,haudquaquam
872 2871 997 2938 habeat.
1042 2871 1151 2937 1193:
1183 2874 1252 2937 ἔστι
1285 2869 1321 2936 δὲ
1352 2871 1487 2957 χωρέων

312 2978 393 3061 αὕτη
417 2976 549 3042 πασέων
573 2987 686 3066 μακρῷ
711 2979 827 3063 ἀρίστη
850 2990 917 3046 τῶν
939 2978 1032 3062 ἡμεῖς
1050 2980 1146 3062 ίδμεν
1164 2981 1341 3066 Δήμητρος
1358 2981 1486 3064 καρπὸν

312 3083 472 3170 ἐκφέρειν.
517 3083 565 3148 IV
581 3084 644 3150 198
674 3085 755 3168 αὕτη
785 3082 821 3150 δὲ
850 3086 947 3170 ὁμοίη
976 3095 1014 3170 τῇ
1047 3085 1163 3172 ἀρίστη
1196 3085 1283 3170 γέων
1311 3089 1488 3170 Δήμητρος

311 3193 439 3277 καρπὸν
458 3191 610 3275 ἐκφέρειν
630 3189 708 3256 οὐδὲ
728 3187 797 3256 olus
815 3188 916 3257 οὐδὲν
935 3200 973 3275 τῇ
993 3192 1076 3276 ἄλλη
1095 3193 1215 3277 Λιβύη.
1256 3190 1364 3276 Atque
1382 3192 1487 3257 Xeno-

312 3298 401 3382 phon
420 3299 453 3362 in
465 3297 546 3374 hell.
565 3296 613 3363 VI
627 3297 687 3381 3,6
705 3297 783 3362 dicit
801 3306 861 3363 τοῦ
880 3284 1056 3380 Δήμητρος
1073 3307 1202 3381 καρποῦ
1221 3296 1357 3382 σπέρμα.
1390 3295 1488 3383 Apud

312 3402 563 3487 Aristophanem
583 3404 617 3468 in
630 3402 715 3467 Plut.
730 3427 758 3468 v.
773 3401 838 3468 515
852 3403 990 3488 legimus
1010 3405 1138 3489 καρπὸν
1153 3409 1266 3485 Δηοῦς
1285 3408 1487 3487 θερίσασθαι

313 3515 345 3576 et
368 3511 432 3575 iam
456 3511 542 3595 apud
564 3509 742 3574 Homerum
766 3510 959 3593 Δημήτερος
982 3509 1084 3591 ἀκτήν
1108 3506 1160 3597 (N
1175 3506 1266 3596 322).

397 3615 597 3700 Ἰσσηδόνων
625 3615 759 3699 ἀνδρῶν
785 3613 935 3698 1201‚5:
967 3612 1211 3701 Fdrstemann¹)
1244 3619 1330 3680 recte
1363 3617 1489 3681 monuit
1563 3623 1566 3627 ’

314 3724 433 3805 ἄνδρες
453 3721 624 3804 Ἀθηναῖοι
648 3741 685 3784 ae
708 3721 825 3785 similia
848 3720 1064 3785 elocutionem
1087 3741 1156 3786 esse
1178 3720 1264 3784 haud
1292 3721 1487 3786 inusitatam.

315 3826 434 3892 Contra
451 3827 498 3892 IX
515 3827 565 3908 17,
575 3826 618 3889 22
643 3823 692 3890 ἐπ’
710 3825 868 3910 Ἕλλησιν
892 3825 1034 3908 ἀνδράσι
1057 3849 1097 3893 ex
1120 3828 1210 3912 spica
1237 3828 1377 3892 dictione
1405 3849 1488 3891 surn-

314 3938 408 4019 ptum
439 3933 575 3997 videtur.
621 3933 660 3997 cf.
680 3956 705 3998 e.
726 3955 756 4019 g.
781 3940 811 3997 A
829 3931 897 3996 594
928 3937 1062 4010 Σίντιες
1093 3935 1213 4020 ἀνδρες
1245 3934 1316 3998 Γ6
1349 3931 1488 4017 ἀνδράσι

316 4042 530 4122 Πυγμαίοισι.

405 4144 572 4235 ἀμπελίνῳ
600 4157 714 4235 καρπῷ
742 4147 849 4232 1212,
858 4146 889 4212 5.
936 4147 1042 4213 Verba
1072 4147 1220 4233 Tomyris
1253 4147 1331 4211 satis
1363 4146 1490 4230 poetica
1536 4180 1539 4184 Δ

407 4396 432 4463 1)
460 4392 502 4449 De
529 4393 672 4448 vocabulis
701 4410 774 4463 quae
801 4395 934 4450 videntur
965 4411 1026 4450 esse
1055 4394 1132 4466 apud
1159 4394 1332 4452 Herodotum
1362 4392 1490 4466 poeticis.

316 4482 517 4570 l’arthenopoli
537 4488 613 4538 1892.
642 4501 669 4562 p.
685 4488 718 4538 67
729 4501 770 4558 sq.
