3509 5325
710 468 934 533 ..31-

325 624 370 702 ὥς
392 649 427 693 τε
449 628 619 705 κατιόντος
641 637 701 693 τοῦ
725 634 820 694 οἰνου
845 628 878 703 ἐς
904 630 942 692 τὸ
966 638 1059 710 σῶμα
1087 626 1305 693 ἐπαναπλέειν
1328 626 1408 713 ύμῖν

235 734 313 797 ἔπεα
335 735 419 797 κακά
442 732 548 819 1212,
559 734 587 798 6.
629 734 737 799 Verba
760 738 835 800 sunt
853 733 1010 816 Tomyris.
1052 734 1091 799 cf.
1110 732 1294 819 Vn160,4
1311 735 1409 800 verba

236 836 365 904 Gelonis
381 840 512 905 ὀνείδεα
526 844 681 906 κατιόντα
700 842 869 927 ἀνθρώπῳ
887 838 994 923 φιλέει
1013 838 1191 922 ἐπανάγειν
1208 842 1268 905 τὸν
1285 843 1408 924 θυμόν.

234 944 382 1010 Poeticus
405 948 573 1032 utriusque
595 948 661 1012 loci
684 947 773 1012 color
796 950 845 1012 est
867 947 1063 1030 perspicuus.

323 1055 504 1119 οἰδεόντων
527 1066 593 1119 τῶν
621 1055 822 1138 πρηγμάτων
845 1052 894 1119 ΙΠ
909 1053 961 1137 76,
971 1054 1001 1137 8,
1027 1052 1099 1137 127,
1109 1051 1138 1117 5.
1184 1053 1223 1117 cf.
1246 1052 1406 1138 VH39‚8

235 1159 252 1225 ὁ
274 1162 446 1242 θυμὸς-
465 1158 616 1225 ἀνοιδέει.
663 1160 702 1225 cf.
725 1158 842 1225 iliados
866 1161 887 1225 l.
901 1158 949 1224 IX
965 1159 1031 1223 646
1054 1160 1138 1224 ἀλλά
1161 1184 1217 1244 μοι
1240 1161 1407 1226 οἰδάνεται

233 1267 351 1350 κραδίη
373 1270 471 1355 χόλφ,
492 1264 722 1350 Aristophanis
740 1290 807 1331 ran.
822 1266 887 1331 939
907 1266 1002 1351 τέχνη
1022 1268 1161 1332 οἰδοῦσα
1180 1266 1244 1332 ὑπὸ
1263 1285 1407 1351 κομπασ-

234 1374 346 1455 μάτων
371 1371 425 1438 καί
449 1374 615 1458 ῥημάτων,
638 1373 784 1438 Platonis
809 1372 905 1459 Gorg.
924 1396 954 1457 p.
973 1373 1078 1438 olen
1103 1374 1153 1438 ὅτι
1181 1370 1218 1438 δέ
1246 1376 1333 1440 οἰδεῖ
1353 1372 1407 1438 καί

233 1478 380 1556 ύπουλός
404 1479 472 1545 ἐστι
497 1485 553 1566 (sc.
577 1480 597 1563 ή
621 1484 745 1563 πόλις),
774 1479 941 1544 Plutarchi
965 1479 1033 1544 ost.
1052 1479 1095 1545 65
1124 1483 1222 1564 ἔργον
1250 1480 1408 1544 οἰδοῦντα

234 1594 353 1651 τοῦτον
378 1585 534 1671 μαλάξαι,
562 1591 658 1670 atque
687 1587 807 1651 similes
836 1587 1034 1651 elocutiones
1061 1587 1162 1669 ipsius
1190 1584 1348 1650 Herodoti
1373 1585 1408 1649 in

234 1691 255 1755 l.
273 1690 321 1756 HI
341 1692 425 1777 80,1
454 1694 558 1759 ἐπείτε
588 1688 625 1757 δὲ
651 1692 789 1775 κατέστη
818 1692 835 1758 ὁ
859 1696 1023 1774 θόρυβος,
1051 1693 1167 1776 Lysiae
1189 1693 1225 1756 in
1246 1689 1344 1777 Ager.
1364 1691 1407 1755 25

235 1798 296 1876 ἕως
331 1801 371 1864 τά
407 1802 581 1885 πράγματα
617 1803 810 1881 κατασταίη,
846 1798 974 1882 Polybii
997 1797 1092 1863 XXII
1113 1798 1224 1882 14,10
1254 1800 1408 1863 θάλασσα

234 1913 473 1989 καθεστηκυῖα,
506 1905 651 1970 Platonis
685 1928 750 1989 rep.
768 1907 789 1969 l.
808 1904 840 1969 H
867 1927 898 1988 p.
918 1905 1021 1969 stan
1053 1904 1107 1971 καὶ
1140 1908 1408 1990 φλεγμαίνουσαν

233 2017 331 2079 πόλιν
363 2014 602 2098 θεωρήσωμεν,
635 2012 796 2077 statium
828 2012 891 2097 leg.
908 2012 930 2075 l.
948 2010 996 2076 HI
1025 2034 1056 2095 p.
1074 2010 1138 2076 691
1150 2010 1187 2075 n.
1224 2011 1406 2076 Translatio

234 2119 335 2205 igitur
358 2122 407 2183 cst
428 2118 625 2205 pervulgata.
1099 2136 1100 2139 ’

324 2226 508 2303 ἐξέπλωσας
521 2238 587 2291 τῶν
603 2236 737 2311 φρενῶν
755 2224 961 2309 111155,13:
979 2235 1044 2301 κῶς
1062 2225 1124 2290 οὐκ
1142 2223 1324 2302 ἐξέπλωσας
1342 2236 1409 2290 τῶν

235 2344 369 2416 φρενῶν
398 2335 543 2398 σεωυτὸν
572 2333 779 2416 διαφθείρας.
826 2330 934 2396 Verba
955 2330 1061 2395 Darei.
1085 2331 1125 2394 cf.
1142 2329 1310 2415 V112,12
1329 2333 1407 2397 οἵτι-

235 2462 291 2516 νες
326 2441 644 2522 παραφρονήσαντες
679 2436 734 2503 καὶ
772 2438 998 2513 ἐκπλώσαντες
1034 2437 1070 2502 ἐκ
1101 2447 1163 2502 τοῦ
1194 2440 1277 2503 νόου
1310 2438 1408 2521 ἀνδρὶ

237 2543 369 2609 Φωκαέι
391 2543 585 2623 ἀλαζόνι-
606 2544 837 2629 ἐπιτρέψαντες
859 2544 961 2627 ήμέας
983 2544 1105 2619 αὐτοὺς
1128 2546 1254 2629 ἔχομεν.
1292 2544 1408 2608 Ionum

235 2652 338 2717 verba.
386 2650 476 2718 Stein
508 2652 674 2718 adnotavit
704 2651 796 2719 haec:
836 2650 914 2716 ‘Der
944 2649 1116 2717 Ausdruck
1147 2650 1272 2716 schcint
1304 2652 1408 2717 ciuem

235 2758 390 2844 Tragikcr
419 2759 572 2824 entlehnt.
619 2758 693 2846 Vgl.
712 2759 789 2825 Eur.
809 2758 929 2824 Bakch.
949 2758 1015 2823 850
1042 2771 1156 2842 πρῶτα
1186 2758 1215 2823 δ’
1249 2764 1409 2842 ἔκστησον

110 2885 112 2890 ·
235 2879 383 2950 φρενῶν,
413 2865 518 2942 Ἐνείς
545 2866 695 2950 ἐλαφρὰν
723 2869 864 2932 λύσσαν·
898 2867 942 2941 ῶς
969 2877 1106 2951 φρονῶν
1134 2862 1195 2949 μὲν
1222 2860 1260 2930 εὖ
1284 2865 1336 2929 Οὐ
1363 2869 1407 2950 μή

235 2975 370 3056 θελήσει
394 2978 504 3056 θήλυν
530 2973 665 3038 ἐνδῦναι
689 2975 826 3056 στολήν,
845 2970 929 3048 Ἕξω
954 2969 983 3035 δ’
1012 2971 1163 3036 ἐλαύνων
1185 2981 1246 3037 τοῦ
1267 2984 1408 3056 φρονεῖν

236 3078 416 3144 ἐνδύσεται.
460 3078 526 3143 Der
553 3078 654 3143 Prosa
685 3079 728 3142 ist
761 3076 951 3155 ἐξίστασθαι
983 3086 1043 3142 τοῦ
1075 3089 1214 3162 φρονεῖν
1247 3079 1408 3163 gelaufig?

235 3183 322 3261 Quae
347 3187 505 3251 sententia
527 3207 723 3269 quamquam
753 3184 848 3250 certis
877 3185 1075 3268 argumentis
1103 3183 1315 3249 demonstrari
1342 3207 1409 3249 non

235 3295 356 3376 potest,
383 3297 490 3357 tamen
517 3292 604 3356 haud
627 3291 849 3375 improbabilis
877 3290 1011 3356 videtur.
1058 3291 1097 3355 cf.
1120 3292 1218 3355 etiam
1241 3290 1407 3375 Euripidis

236 3396 289 3462 Or.
311 3398 394 3462 1021
421 3396 553 3482 ἐξέστην
577 3411 722 3482 φρενῶν,
744 3397 815 3481 Iph.
834 3396 908 3461 Aul.
930 3396 993 3461 136
1017 3399 1149 3481 γνώμας
1172 3395 1314 3475 ἐξέσταν.

323 3505 509 3588 ἀλγηδόνας
527 3506 714 3588 ὀφθαλμῶν
732 3502 893 3588 V18,21:
912 3504 1053 3587 κρέσσον
1072 3505 1136 3589 γάρ
1155 3499 1241 3568 εἰναι
1259 3503 1408 3589 ἀρχῆθεν

235 3614 279 3694 μή
299 3611 413 3677 ἐλθεῖν
433 3613 491 3687 τάς
510 3623 678 3694 γυναῖκας,
697 3611 718 3694 ll
737 3610 902 3685 ἐλθούσας
921 3610 975 3676 καὶ
994 3613 1039 3694 μή
1057 3610 1276 3694 παριζομένας
1295 3610 1409 3688 ἀντίας

235 3718 363 3796 ἵζεσθαι
396 3717 582 3801 ἀλγηδόνας
614 3722 709 3801 σφίσι
742 3717 936 3800 ὀφθαλμῶν.
983 3716 1071 3793 Quae
1105 3716 1202 3783 verba
1237 3739 1304 3781 non
1340 3738 1409 3781 essa

235 3823 390 3888 translata
413 3827 554 3907 apparet,
577 3823 735 3906 siquidem
759 3822 941 3906 ἀλγηδόνες
963 3824 1150 3907 ὀφθαλμῶν
1178 3845 1244 3888 non
1265 3825 1408 3907 positum

236 3934 284 3995 est
310 3933 383 3994 loco
418 3931 502 3994 vocis
535 3931 592 4006 τάς
624 3943 797 4012 γυναῖκας,
830 3931 885 3993 sed
911 3929 1027 3994 Persae
1060 3929 1209 3995 mulieres
1241 3931 1409 3995 nominant

236 4036 421 4120 ἀλγηδόνας
453 4037 647 4120 ὀφθαλμῶν.
694 4035 732 4101 cf.
766 4037 863 4100 etiam
897 4036 1062 4100 Plutarchi
1093 4035 1185 4101 Alex.
1218 4058 1284 4120 cap.
1304 4037 1345 4101 21
1375 4042 1408 4102 et

235 4143 309 4227 περὶ
332 4143 439 4222 ύύους
463 4164 528 4227 cap.
548 4143 618 4226 4‚7.
967 4207 970 4210 ,

325 4248 378 4313 έπί
393 4249 496 4334 ξυροῦ
510 4249 613 4333 ἀκμῆς
631 4248 678 4313 VI
693 4248 787 4333 11,5:
807 4247 859 4314 ἐπὶ
878 4249 982 4331 ξυροῦ
1000 4251 1063 4333 γάρ
1083 4249 1186 4333 ἀκμής
1204 4253 1310 4332 ἔχεται
1328 4249 1408 4333 ήμίν

236 4357 275 4420 τά
290 4357 472 4439 πράγματα.
510 4354 600 4420 Stein
619 4356 796 4420 adnotavit:
816 4355 921 4420 ‘Nach
934 4355 969 4420 Il.
985 4379 1005 4419 κ
1021 4355 1084 4419 173
1103 4365 1167 4421 νῦν
1185 4358 1248 4440 γὰρ
1268 4358 1309 4439 δή
1327 4357 1408 4421 πάν-

236 4478 347 4526 τεσσιν
362 4461 414 4526 ἐπὶ
430 4460 532 4547 ξυροῦ
547 4465 673 4528 ἵσταται
689 4461 791 4545 ἀκμῆς
803 4459 853 4525 Ἢ
866 4463 953 4546 μάλα
972 4464 1095 4547 λυγρὸς
1114 4463 1253 4547 όλεθρος
1266 4461 1409 4545 Ἀχαιοῖς

236 4565 274 4652 ἠὲ
305 4569 444 4651 βιῶναί.
495 4568 541 4633 At
572 4568 737 4634 Herodoto
770 4568 863 4633 illum
889 4567 1099 4634 Homericum
1130 4590 1257 4633 versum
1289 4568 1408 4634 imitari
