3509 5325
757 487 977 551 ..53-

281 648 359 724 τοὺς
381 643 495 723 τοκέας
517 654 555 731 τῇ
579 649 756 733 θεραπείᾳ,
785 644 907 712 δίκαιοι
929 644 1033 732 (niv)
1057 648 1139 732 πρὸς
1166 650 1245 725 τούς
1267 646 1387 725 ἀστοὺς
1410 657 1455 735 τῷ

282 759 354 842 ίσφ,
378 752 525 837 εὐσεβεῖς
548 749 585 818 δὲ
608 755 691 839 πρὸς
713 756 792 830 τοὺς
813 758 935 838 φίλους
958 762 995 839 τῇ
1017 757 1125 819 πίστει
1148 753 1225 818 ibid.

369 862 491 942 κόσμος
513 862 607 924 πόλει
634 856 696 944 μὲν
723 859 898 943 εὐανδρία,
926 862 1050 945 σώματι
1078 857 1116 925 δέ
1142 860 1278 945 κάλλος,
1304 868 1393 947 ψυχή
1418 858 1456 926 δὲ

282 968 396 1050 σοφία,
418 965 584 1051 πράγματι
607 963 645 1031 δὲ
668 965 779 1052 ἀρετή,
802 969 890 1054 λόγῳ
915 963 952 1032 δὲ
977 966 1119 1050 ἀλήθεια
1141 966 1256 1031 Ηο1.1.

369 1075 428 1138 τὸν
451 1072 513 1157 μέν
535 1096 573 1154 γε
595 1074 703 1157 νόμον
724 1076 933 1158 παραβαίνει,
956 1074 1018 1157 τήν
1041 1069 1078 1138 δὲ
1102 1074 1199 1157 δίκην
1221 1074 1391 1157 καταλύει,
1417 1076 1455 1139 τὸ

284 1175 321 1244 δὲ
343 1186 440 1245 θεῖον
463 1178 620 1264 ἀτιμάζει,
643 1181 681 1245 τὸ
706 1175 742 1244 δὲ
764 1185 894 1263 πλῆθος
918 1180 1108 1265 διαφθείρει
1130 1180 1197 1244 Pal.
1214 1180 1264 1244 17.

327 1332 329 1340 ·
369 1284 493 1363 Quibus
526 1286 698 1371 adiungere
730 1284 810 1350 mihi
841 1286 938 1353 liceat
968 1287 1084 1372 longos
1117 1286 1311 1371 simplicium
1338 1309 1455 1353 vocum

281 1392 418 1476 ordines,
441 1390 559 1475 quibus
581 1391 739 1457 redundat
762 1390 901 1479 Gorgiae
924 1393 1042 1477 oratio,
1069 1414 1264 1476 quamquam
1290 1415 1357 1458 non
1379 1398 1456 1460 sunt

281 1498 415 1564 isooola:

369 1606 476 1691 ἄνδρα
500 1603 537 1672 δὲ
560 1604 615 1671 καὶ
638 1618 778 1690 γυναῖκα
802 1602 857 1671 καί
881 1607 983 1691 λόγον
1005 1605 1060 1672 καὶ
1083 1608 1183 1693 ἔργον
1203 1604 1258 1672 καί
1282 1610 1381 1673 πόλιν
1398 1604 1454 1672 καὶ

282 1721 415 1797 πρᾶγμα
437 1712 509 1777 Hei
530 1715 556 1779 1.
697 1772 702 1783 .

370 1820 595 1904 συνήλθομεν,
618 1825 764 1904 είπομεν,
787 1820 976 1904 ήκούσαμεν
999 1818 1066 1884 Pal.
1083 1822 1132 1885 11.

368 1935 413 2013 τῷ
438 1929 541 2015 νόμφ,
563 1934 602 2011 τῇ
625 1926 717 2012 δίκη,
739 1936 809 2003 τοῖς
831 1932 937 2008 θεοῖς,
959 1934 1004 2013 τῷ
1027 1928 1150 2009 πλήθει
1173 1936 1239 1991 τῶν
1262 1924 1452 2012 ἀνθρώπων

280 2031 347 2097 Pal.
368 2032 419 2097 17.

367 2139 498 2224 φράσον
511 2140 644 2216 τούτοις
658 2138 738 2223 <τὸν
752 2139 910 2224 τρόπον>,
927 2140 987 2205 τὸν
1001 2142 1115 2223 τύπον,
1133 2141 1193 2204 τὸν
1211 2142 1345 2224 χρόνον,
1362 2142 1451 2222 πότε,

279 2256 354 2329 ποῦ,
369 2258 439 2324 πῶς
453 2241 539 2323 είύες
553 2283 597 2293 --
611 2246 710 2322 αὐτὸς
728 2245 864 2330 ἐλθέτω,
883 2248 1031 2331 φανήτω,
1049 2246 1298 2332 μαρτυρησάτω.
1321 2245 1388 2311 Pal.
1398 2246 1451 2312 22.

367 2355 473 2419 πολλὰ
496 2352 551 2417 καὶ
575 2353 701 2438 μεγάλα
722 2351 778 2417 καὶ
800 2353 924 2418 παλαιά
946 2350 1001 2417 καὶ
1024 2350 1083 2418 νέα
1105 2351 1172 2417 Pal.
1187 2352 1239 2419 27.

369 2460 482 2525 δεινὸν
506 2461 610 2525 άθεον
633 2461 750 2525 ἄδικον
774 2460 902 2544 άνομον
925 2462 1023 2545 ἔργον
1046 2459 1113 2524 Pal.
1128 2459 1178 2524 36.

368 2582 402 2672 2)
437 2582 551 2649 Studio
580 2586 719 2669 quodam
747 2584 937 2670 scriptorem
963 2583 1108 2648 mambra
1137 2584 1322 2669 aequauisse
1349 2606 1388 2649 ex
1416 2606 1453 2650 ea

279 2687 407 2776 quoque
430 2675 633 2778 re'emergii‚
656 2692 743 2777 quod
770 2692 927 2758 vocabula
953 2691 1049 2776 plano
1077 2713 1311 2776 supervacanea
1339 2692 1453 2756 isoooli

280 2820 375 2864 causa
398 2800 522 2884 adiecit,
545 2800 661 2864 voluti:

368 2905 524 2972 ἐνοπλίου
547 2906 594 2970 in:
619 2905 774 2971 ἐνοπλίου
798 2908 908 2991 ἔριδος
930 2905 991 2991 fig.
1006 2904 1067 2969 61)
1085 2903 1148 2971 58.

367 3012 496 3091 εὐεξίαν
519 3013 566 3078 in:
594 3013 629 3077 οί
649 3009 687 3077 δὲ
710 3011 810 3100 άλκής
832 3014 954 3088 οίκείας
977 3011 1106 3089 εὐεξίαν
1129 3010 1237 3076 Heln
1260 3013 1333 3076 loeo
1357 3013 1393 3076 οί
1414 3007 1451 3076 δὲ

279 3118 382 3203 ἀλκήν
406 3121 532 3185 οίκείαν
555 3156 597 3166 -
622 3121 729 3203 ἔσχον.

366 3227 506 3311 ὑβρίσας
519 3225 567 3291 in:
582 3225 632 3290 ὅτι
646 3225 664 3291 ὁ
679 3221 783 3310 <μὲν>
797 3223 946 3310 ἁρπάσας
960 3224 1005 3302 ὡς
1019 3225 1156 3309 ὑβρίσας
1170 3225 1326 3308 ήθίκησεν
1341 3222 1412 3288 Hal.
1423 3224 1451 3288 7.

368 3347 403 3436 3)
435 3348 553 3416 Isoooli
582 3371 678 3416 eausa
705 3348 839 3436 Gorgias
871 3371 1115 3434 nonnumquam
1143 3349 1221 3414 dura
1250 3352 1282 3412 ei
1308 3347 1452 3413 inaudita

278 3479 355 3521 usus
378 3460 427 3522 esi
450 3457 639 3542 elocutione,
661 3457 775 3522 veluti:

367 3559 414 3630 ὧν
439 3565 474 3630 οί
494 3561 554 3649 μὲν
573 3565 720 3630 πλούτου
740 3561 877 3648 μεγέθη,
901 3564 937 3629 οί
952 3560 990 3628 δέ
1008 3562 1176 3646 εὐγενείας
1195 3567 1337 3638 παλαιᾶς
1355 3561 1451 3626 εὐδο-

278 3669 362 3754 ξίαν,
385 3672 421 3736 οί
440 3667 478 3737 δὲ
500 3670 602 3754 άλκής
625 3673 747 3748 οἰκείας
769 3668 910 3754 εὐεξίαν,
933 3671 969 3735 οί
989 3667 1026 3736 δὲ
1050 3673 1170 3754 σοφίας
1193 3668 1366 3753 ἐπικτήτου
1391 3669 1449 3733 θύ-

277 3802 378 3863 ναμιν
402 3780 500 3863 ἔσχον
523 3777 594 3842 Ηο1.
609 3778 640 3863 4,
664 3777 780 3862 quibus
804 3778 842 3843 de
865 3777 973 3842 verbis
997 3777 1034 3841 of.
1056 3798 1080 3841 s.
1098 3799 1128 3860 p.
1144 3775 1196 3839 24.

366 3881 450 3968 ήλθε
474 3885 536 3969 γάρ
559 3876 608 3961 οἷς
630 3880 716 3968 ήλθε
739 3885 839 3968 τύχης
857 3884 1072 3969 ἀγρεύμασιν,
1095 3882 1137 3947 οὐ
1157 3883 1290 3965 γνώμης
1312 3881 1449 3964 βουλεύ-

277 4009 390 4076 μασιν,
413 3989 468 4056 καὶ
491 3993 612 4076 ἔρωτος
634 3990 800 4073 ἀνάγκαις,
824 3989 865 4055 οὐ
888 3989 1003 4074 τέχνης
1021 4000 1244 4075 παρασκευαῖς
1264 3987 1353 4073 ibid.;
1375 3988 1448 4051 loeo

277 4098 447 4163 vorborum
470 4095 585 4181 τέχνης
607 4107 830 4181 παρασκευαῖς
852 4096 970 4160 reotius
992 4096 1162 4161 dicendum
1185 4098 1265 4159 erat:
1288 4105 1449 4178 τεχνικοῖς

277 4204 329 4270 vel
351 4206 477 4280 δολίαις
500 4214 730 4290 παρασκευαῖς.

365 4380 602 4447 Herodotum
630 4381 737 4465 ipsum
765 4401 893 4464 quoque
920 4379 1081 4446 inierdum
1109 4379 1255 4463 aequalia
1283 4379 1448 4464 scripsisse

277 4488 348 4552 oola
370 4509 437 4552 non
458 4487 576 4552 mirum
603 4492 659 4553 osi
705 4486 776 4566 Qua
803 4488 837 4552 in
863 4509 899 4552 re
925 4509 1003 4551 num
1028 4485 1165 4573 Gorgiae
1192 4490 1377 4574 perseouius
1405 4485 1449 4552 sit

277 4595 422 4681 vestigia,
444 4615 530 4661 nuno
553 4595 648 4660 uobis
672 4600 721 4661 est
744 4595 968 4681 quaerendum.
