3509 5325
734 454 955 518 ..39-

261 604 265 611 ’
345 612 453 678 πάντα
476 614 671 698 διεκόσμησε
695 622 776 690 νοῦς
799 613 873 678 ibid.

283 732 286 735 '
345 717 400 784 καὶ
424 719 506 785 ὅσον
529 720 681 803 ἐκίνησεν
705 720 722 786 ὁ
746 729 827 796 νοῦς
848 720 909 806 frg.
929 719 978 784 13.

346 825 537 912 Diogenes
560 825 842 911 Apolloniates.
888 830 947 891 καί
971 850 1026 910 μοι
1050 826 1145 892 δοκεῖ
1169 830 1207 894 τὸ
1230 828 1290 910 τὴν
1313 831 1432 911 νόησιν

257 934 333 1017 ἔχον
364 928 450 997 εἶναι
480 934 498 998 δ
527 932 592 1019 ἀὴρ
622 934 825 1017 καλούμενος
853 933 919 998 ὑπὸ
949 943 1016 998 τῶν
1046 932 1247 1017 ἀνθρώπων,
1283 932 1336 999 καὶ
1365 934 1431 1000 ὑπὸ

257 1039 378 1105 τούτου
402 1038 599 1117 πάνταςκαὶ
623 1044 850 1125 κυβερνᾶσθαι
870 1037 924 1105 καὶ
945 1040 1081 1105 πάντων
1099 1052 1244 1125 κρατεῖν·
1269 1040 1349 1105 αὐτὸ
1369 1041 1432 1123 γάρ

257 1169 313 1229 μοι
336 1154 434 1212 τοῦτο
457 1149 536 1223 θεὸς
560 1144 655 1233 (ἔθος
679 1148 766 1212 codd.
786 1145 913 1213 Usener
935 1143 1030 1232 corr.)
1055 1149 1149 1212 δοκεῖ
1174 1143 1258 1212 εἶναι
1281 1148 1342 1232 frg.
1356 1146 1377 1211 5
1393 1145 1431 1211 D.

346 1253 395 1317 De
417 1252 630 1319 Democrili
657 1254 862 1340 fragmentis,
890 1253 925 1318 in
953 1253 1070 1337 quibus
1097 1253 1184 1317 haud
1211 1276 1314 1338 pauca
1335 1254 1431 1318 huius

256 1360 379 1443 figurae
403 1360 549 1444 exempla
571 1363 711 1445 exstant,
736 1360 776 1424 cf.
794 1359 829 1424 P.
848 1358 984 1443 Naiorp‚
1008 1358 1069 1424 Die
1091 1358 1213 1424 Ethika
1237 1358 1291 1424 des
1314 1359 1432 1424 Demo-

257 1466 368 1551 krilos,
390 1466 545 1553 Marburg
566 1466 651 1531 1893
675 1490 705 1551 p.
721 1467 762 1531 81
775 1488 844 1549 sqq.

345 1571 467 1638 Eodem
483 1572 608 1637 dicendi
621 1574 717 1637 modo
732 1570 1016 1637 Anaximander
1033 1573 1097 1637 iam
1111 1594 1190 1638 usus
1208 1595 1278 1638 esse
1290 1572 1431 1638 videtur:

257 1678 290 1757 ἐξ
315 1674 363 1745 ὧν
386 1675 423 1744 δὲ
446 1679 466 1763 ἡ
490 1677 618 1762 γένεσίς
641 1678 709 1744 ἐστι
733 1691 803 1756 τοῖς
826 1674 917 1762 οὖσι,
942 1677 997 1744 καὶ
1018 1680 1079 1762 τὴν
1102 1680 1237 1765 φθοράν
1260 1683 1307 1756 είς
1328 1688 1432 1744 ταῦτα

257 1788 412 1867 γίνεσθαι
435 1786 516 1850 κατά
544 1788 581 1851 τδ
609 1786 729 1870 χρεών·
762 1786 895 1851 διδόναι
926 1786 988 1870 γάρ
1019 1786 1102 1850 αὐτὰ
1133 1787 1230 1867 δίκην
1258 1784 1313 1851 καὶ
1343 1791 1431 1851 τίσιν

257 1891 411 1974 ἀλληλοις
433 1900 492 1975 τῆς
514 1888 643 1968 ἀδικίας
665 1893 747 1957 κατὰ
766 1894 827 1976 τὴν
847 1901 909 1958 τοῦ
927 1895 1052 1978 χρόνου
1074 1891 1168 1969 τάξιν
1191 1890 1266 1979 (frg.
1282 1891 1302 1955 9
1317 1890 1429 1979 Diels).

344 1996 383 2061 In
411 1999 560 2063 omnibus
591 1998 692 2085 igilur
721 1998 989 2084 philosophorum
1019 2001 1164 2063 veterum
1194 1999 1310 2064 litteris
1341 2000 1429 2064 illam

256 2106 393 2189 figuram
416 2106 535 2170 summi
562 2128 631 2170 esse
659 2106 815 2171 momenti
838 2108 979 2190 apparet.
1025 2104 1117 2182 Quod
1144 2128 1211 2169 non
1232 2106 1350 2169 mirum
1373 2110 1430 2171 est.

256 2210 341 2275 Nam
365 2234 416 2275 sas
440 2212 645 2296 polissimum
667 2234 718 2277 res
741 2212 954 2296 philosophos
981 2211 1149 2276 hominum
1176 2212 1278 2276 instar
1300 2216 1430 2297 agentes

256 2317 368 2383 fecisse
382 2319 587 2403 perspicuum
603 2323 659 2403 est,
680 2341 762 2403 quae
781 2304 873 2402 qnasi
891 2318 1050 2402 principia
1068 2322 1143 2383 sunt
1162 2340 1272 2384 eorum
1292 2319 1430 2405 discipli-

256 2446 323 2489 nac.
351 2423 450 2489 Volui
469 2425 553 2509 apud
567 2424 767 2491 Heraclitum
785 2426 923 2510 legimus
941 2426 1034 2490 haec:
1056 2428 1199 2509 πόλεμος
1215 2427 1351 2490 πάντων
1369 2423 1430 2509 μὲν

256 2535 362 2616 πατηρ
386 2530 453 2597 ἐστι
483 2530 562 2613 κτὲ.,
592 2533 632 2597 τά
661 2529 697 2597 δὲ
727 2532 833 2597 πάντα
861 2535 996 2610 οἰακίζει
1023 2535 1199 2619 κεραυνός,
1230 2532 1336 2597 πάντα
1366 2532 1429 2615 γάρ

255 2639 292 2704 τὸ
319 2648 386 2725 πῦρ
418 2636 559 2704 ἐπελθὸν
590 2650 698 2724 κρινεῖ
726 2637 780 2705 καὶ
811 2640 1047 2722 καταλήψεται,
1080 2642 1116 2724 ζῇ
1145 2648 1212 2724 πῦρ
1245 2641 1304 2705 τὸν
1333 2636 1430 2725 ἀέρος

255 2745 404 2810 θάνατον
426 2742 505 2825 κτὲ.,
529 2743 705 2830 τρέφονται
729 2746 792 2830 γάρ
815 2745 936 2822 πάντες
958 2746 994 2810 οί
1014 2744 1219 2824 ἀνθρώπειαι
1243 2748 1341 2828 νόμοι
1366 2746 1429 2811 ὑπὸ
1482 2797 1485 2803 .

256 2848 329 2928 ἑνὸς
356 2861 415 2917 τοῦ
443 2856 552 2918 θείου.
597 2851 811 2936 Xenophanes
839 2853 876 2917 τὸ
905 2851 960 2918 ἐὸν
988 2853 1095 2936 ipsum
1123 2853 1217 2917 deum
1245 2853 1429 2938 appellarit,

257 2959 295 3022 de
318 2980 382 3043 quo
405 2959 466 3024 hos
490 2959 620 3043 scripsit
643 2981 766 3023 versus:

301 3056 346 3142 εἷς
368 3067 448 3141 θεὸς
472 3069 508 3130 ε”ν
530 3089 565 3130 τε
589 3072 720 3130 θεοῖσιν
744 3063 798 3130 καί
822 3065 1032 3147 ἀνθρώποισι
1055 3062 1217 3148 μέγιστος,

344 3173 417 3238 οὕτε
441 3169 541 3255 δέμας
563 3179 740 3255 θνητοῖσιν
763 3169 891 3254 δμοίιος
914 3171 990 3236 οὔτε
1013 3173 1121 3254 νόημα
1143 3170 1204 3255 frg.
1219 3170 1262 3234 23
1277 3170 1375 3236 Diels.

300 3273 399 3355 οὖλος
422 3280 496 3366 δρᾷ,
519 3273 618 3355 οὖλος
641 3275 678 3343 δὲ
700 3289 780 3363 νοεῖ,
803 3272 903 3355 οὖλος
926 3276 966 3343 δέ
985 3274 1014 3342 τ’
1032 3277 1144 3343 ἀκούει
1166 3277 1227 3364 frg.
1242 3277 1294 3341 24.

299 3382 372 3450 ἀλλ’
389 3385 559 3451 ἀπάνευθε
582 3388 700 3451 πόνοιο
723 3388 807 3450 νόου
831 3383 930 3469 φρενὶ
953 3385 1060 3449 πάντα
1084 3385 1254 3464 κραδαίνει
1277 3384 1338 3471 frg.
1353 3384 1405 3449 25.

256 3492 295 3556 cf.
315 3491 527 3556 Parmenidis:
547 3489 720 3574 Ἀληθείης
742 3489 918 3568 εὐκυκλέος
940 3486 1032 3574 ἦτορ,
1055 3489 1179 3555 Melissi
1197 3487 1249 3576 (τὸ
1269 3488 1339 3578 ἐὸν)
1359 3488 1426 3556 odd

255 3597 297 3662 ἀν
320 3597 475 3664 ἀπόλοιτο
500 3599 575 3663 οὔτε
599 3597 694 3681 ἀλγεῖ
720 3599 796 3663 οὔτε
824 3597 971 3679 ἀνιᾶται,
1001 3596 1206 3680 Empedoclis
1232 3600 1373 3681 Φιλότης
1397 3603 1429 3662 st

255 3709 389 3788 Νεῖκος,
410 3709 579 3789 Σφαῖρος,
601 3703 621 3787 ἡ
640 3701 677 3769 δὲ
692 3705 796 3769 Χθὼν
815 3706 984 3770 τούτοισιν
1003 3710 1056 3786 ίση
1077 3684 1258 3787 sociandos
1277 3704 1427 3788 μάλιστα,

250 3810 422 3900 Ἡφαίστῳ
445 3808 474 3876 τ’
497 3811 610 3900 ὄμβρῳ
633 3834 666 3876 τε
690 3808 744 3876 καλ
768 3810 880 3894 αδθίρι
907 3812 1163 3894 παμφανόωντι,
1191 3808 1344 3892 αίθόριον
1366 3807 1427 3894 μὲν

255 3919 318 4001 γάρ
341 3935 403 4001 σφε
423 3917 520 4001 μόνος
542 3919 704 3984 πόντονδε
728 3919 839 3982 διώκει
862 3915 925 3982 uri.
950 3914 1025 4003 (frg.
1042 3916 1115 4000 115,
1134 3914 1183 4003 9);
1206 3915 1372 3982 Philolaus
1395 3922 1428 3982 et

254 4022 462 4111 Anaxagoras
486 4028 518 4089 el
540 4024 726 4112 Diogenes,
739 4023 795 4108 qui
820 4022 1057 4106 simplicissimo
1080 4024 1131 4087 usi
1155 4025 1230 4087 suni
1253 4023 1341 4108 stilo,
1364 4025 1427 4108 ipsi

255 4153 382 4215 quoquc
406 4154 463 4196 sua
485 4131 643 4216 principia
660 4131 801 4196 humana
818 4133 935 4195 natura
952 4130 1103 4194 induunt:
1126 4129 1266 4194 Philolai
1284 4129 1428 4215 ἀριθμὸς

254 4239 416 4320 παντελής
445 4235 512 4302 ἐστι
545 4236 598 4302 καί
628 4238 830 4321 παντοεργὸς
858 4233 914 4301 καλ
947 4235 1087 4319 άγεμών.
1105 4233 1184 4318 asi„
1215 4233 1426 4323 Anaxagorae

254 4353 334 4421 νοῦς
356 4343 462 4408 πάντα
486 4346 570 4426 ἔγνω
594 4341 649 4409 καὶ
673 4345 883 4427 διεκόσμησε,
913 4341 1069 4427 Diogenis
1094 4341 1157 4427 ἀὴρ
1180 4341 1287 4407 πάντα
1308 4345 1426 4427 κυβερ-

254 4460 349 4517 νᾶται
373 4448 428 4515 καὶ
450 4450 584 4515 πάντων
607 4460 726 4533 κρατεῖ.

343 4556 543 4622 Heraclidam
566 4556 695 4642 quidem
718 4554 807 4622 illam
830 4556 967 4645 figorem
990 4556 1087 4621 etiam
1110 4555 1151 4622 ad
1173 4553 1350 4619 orationem
1372 4576 1425 4622 ex·
