3509 5325
803 416 1023 481 -56-

328 577 426 643 verba
448 600 467 641 a
489 576 596 642 verbis
621 577 777 642 diversae:
802 576 892 642 cuius
917 578 1042 663 generis
1066 576 1155 641 illam
1180 577 1318 661 figuram
1341 576 1502 662 appellare

327 684 408 749 mihi
430 684 526 749 liceat
549 686 819 768 paronomasiem,
847 683 931 748 hanc
954 682 1153 767 parochesin,
1181 706 1376 768 quamquam
1397 690 1502 768 neque

327 794 449 855 veteres
477 812 580 874 neque
608 792 800 856 recentiores
829 790 867 854 de
897 794 964 855 arte
988 788 1149 857 rhetorice
1172 790 1346 874 scriptores
1370 790 1409 854 de
1440 791 1504 859 hac

235 964 237 972 ,
327 920 361 962 re
386 899 599 983 consentiunt,
630 920 724 982 quam
751 896 976 963 difficillimam
1000 898 1220 981 quaestionem
1247 896 1311 961 hoc
1337 896 1409 962 loco
1436 919 1504 962 non

328 1003 464 1069 movebo
472 1001 507 1090 ¹).
554 1003 642 1080 Quae
660 1004 723 1069 tria
742 1026 858 1089 genera
877 1004 975 1067 etiam
993 1000 1188 1068 Aristoteles
1211 1003 1400 1068 adumbrare
1417 1004 1502 1069 vide·

328 1115 383 1174 tur
414 1110 465 1177 his
498 1111 653 1195 exemplis
686 1110 719 1177 in
752 1114 809 1175 art.
834 1110 915 1175 rhet.
938 1111 960 1174 l.
978 1108 1061 1174 1119
1087 1133 1117 1195 p.
1139 1110 1257 1175 141011
1280 1110 1323 1174 28
1355 1111 1503 1193 prolatis:

328 1215 494 1283 τετοκέναι
519 1256 561 1264 -
586 1216 773 1300 γεγονέναι,
800 1222 1008 1301 χαλκοῦς-
1032 1222 1172 1302 χαλκοῦ,
1196 1216 1301 1301 ἀγρόν
1325 1255 1367 1263 -
1391 1216 1504 1302 ἀργόν,

416 1322 728 1391 Paronomesiam
756 1322 853 1387 etiam
882 1323 914 1387 in
944 1323 1106 1388 cotidiano
1136 1321 1330 1389 Graecorum
1358 1346 1503 1389 sermone

329 1430 406 1495 satis
437 1431 590 1495 usitatam
622 1430 723 1495 fuisse
752 1433 887 1495 constat.
934 1429 1038 1506 Quam
1068 1432 1206 1516 figuram
1235 1454 1255 1494 a
1277 1428 1397 1516 Gorgia
1419 1435 1504 1495 certe

329 1559 395 1601 non
419 1536 609 1620 didicerunt,
632 1537 688 1600 sed
709 1558 887 1620 numquam
909 1558 975 1601 non
1006 1537 1203 1621 scripserunt
1226 1541 1259 1601 et
1286 1541 1505 1622 opposuerunt

329 1643 415 1708 inter
437 1665 471 1707 se
494 1643 600 1707 varios
624 1642 767 1708 eiusdem
791 1643 878 1707 vocis
902 1665 995 1708 casus
1023 1646 1079 1707 aut
1101 1644 1206 1707 varios
1238 1643 1380 1707 eiusdem
1404 1644 1505 1709 adiec-

330 1751 389 1814 tivi
412 1749 529 1835 gradus
553 1754 609 1815 aut
627 1751 731 1815 varias
756 1750 898 1815 eiusdem
920 1749 1011 1814 verbi
1033 1749 1154 1815 formas
1175 1754 1231 1814 aut
1253 1772 1347 1816 voces
1372 1750 1505 1815 diversis

329 1856 622 1941 praepositionibus
642 1856 836 1923 subiunctas.
883 1855 1016 1920 Accedit
1035 1855 1122 1940 quod
1141 1853 1254 1923 Graeci
1271 1878 1389 1921 nomen
1407 1858 1505 1922 verbo

330 1962 472 2027 eiusdem
504 1962 613 2047 stirpis
647 1963 819 2048 adiungere
851 1985 977 2047 semper
1008 1960 1197 2049 solebant2).
1244 1962 1343 2040 Quae.
1359 1987 1432 2029 cum
1461 1966 1507 2028 ita

331 2069 396 2135 sint
418 2069 504 2153 apud
522 2067 723 2135 Herodotum
743 2092 872 2154 quoque
895 2070 984 2134 illins
1007 2070 1130 2155 figurae
1151 2071 1298 2154 exempla
1316 2070 1507 2135 creberrima

331 2174 431 2262 essel)
456 2175 542 2240 haud
564 2176 683 2241 mirum
706 2180 764 2241 cst.
810 2175 873 2241 Sed
892 2176 989 2241 etiam
1009 2174 1144 2263 Gorgias
1163 2180 1200 2240 ut
1218 2198 1307 2241 suem
1328 2178 1506 2242 orationem

332 2285 506 2366 exornaret,
521 2284 747 2366 paronomasia
760 2305 837 2348 usus
853 2287 911 2367 est,
925 2306 989 2367 qua
1001 2306 1036 2347 re
1050 2284 1166 2348 iterum
1180 2283 1276 2347 nobis
1290 2284 1505 2367 quaerendum

332 2393 388 2473 est,
402 2412 480 2457 num
494 2388 678 2455 Herodotus
692 2412 710 2455 e
725 2388 863 2476 Gorgiae
878 2389 1049 2474 disciplina
1065 2376 1155 2455 illam
1173 2390 1311 2476 figuram
1326 2392 1506 2474 sumpserit.

331 2494 407 2559 Tria
430 2499 537 2560 autem
560 2497 700 2583 insignia
723 2519 791 2563 esse
814 2498 896 2561 mihi
918 2497 1069 2562 videntur
1092 2495 1247 2582 Gorgieae
1271 2498 1474 2563 elocutionis:

423 2602 456 2690 1)
481 2599 615 2690 Gorgias
638 2604 725 2670 haud
750 2626 821 2670 raro
840 2606 1082 2690 paronomasiss
1102 2606 1148 2670 ita
1170 2609 1345 2689 coacervat,
1368 2608 1405 2669 ut
1423 2627 1506 2671 com-

334 2710 442 2795 plures
465 2732 529 2775 uno
555 2711 720 2776 enuntiato
744 2712 978 2796 contineantur,
1000 2711 1114 2778 veluti:
1145 2721 1149 2727 '

424 2815 577 2903 ὑβρισταὶ
605 2821 652 2895 είς
683 2821 761 2895 τοὺς
792 2819 965 2904 ὑβριστάς,
997 2822 1129 2903 κόσμιοι
1157 2821 1203 2897 εἰς
1231 2823 1309 2896 τοὺς
1336 2823 1504 2903 κοσμίους,

335 2923 458 3007 ἀφοβοι
486 2926 532 3000 είς
559 2927 637 3000 τοὺς
660 2924 824 3010 ἀφόβους,
849 2924 955 2991 δεινοὶ
979 2924 1015 2990 ἐν
1038 2937 1108 3002 τοῖς
1131 2927 1254 3003 δεινοῖς
1282 2927 1344 3010 frg.
1364 2926 1424 2990 6D
1444 2925 1507 2991 58.

424 3040 604 3117 τοιγαροῦν
627 3031 736 3097 αὐτῶν
761 3032 1003 3098 ἀποθανόντων
1026 3031 1044 3097 ὁ
1069 3035 1176 3108 πόθος
1200 3032 1240 3097 οὐ
1265 3033 1508 3117 συναπέθανεν,

335 3135 406 3203 ἀλλ’
430 3137 596 3215 ἀθάνατος
619 3138 681 3204 οὐκ
705 3137 741 3202 ἐν
764 3136 946 3215 ἀθανάτοις
969 3139 1097 3222 σώμασι
1122 3142 1157 3222 ζῇ
1181 3139 1222 3204 οὐ
1246 3141 1376 3217 ζώντων
1400 3139 1475 3204 ibin

423 3247 577 3321 πλείστας
600 3241 637 3309 δὲ
660 3249 824 3322 πλείστοις
848 3243 1027 3328 ἐπιθυμίας
1050 3246 1170 3329 ἔρωτος
1200 3244 1429 3331 ἐνειργάσατο,
1458 3243 1508 3310 ἑνὶ

335 3347 371 3416 ot
406 3352 530 3434 σώματι
562 3353 668 3417 πολλά
700 3352 833 3436 σώματα
872 3354 1059 3435 συνήγαγεν
1095 3350 1230 3435 ἀνδρῶν
1267 3349 1319 3417 ἐπὶ
1353 3353 1508 3436 μεγάλοις

335 3456 459 3540 μεγάλα
482 3459 699 3542 φρονούντων
723 3457 794 3523 Hel.
813 3457 842 3522 4.
1035 3459 1041 3471 ’

426 3652 451 3717 1)
470 3649 504 3704 cf.
524 3649 604 3717 Blass,
622 3651 680 3704 Att.
695 3649 807 3704 Bereds.
822 3649 856 3716 1²,
876 3653 954 3716 1881,
973 3669 1000 3719 p.
1013 3655 1076 3703 143:
1098 3650 1166 3704 ‘Der
1181 3650 1315 3720 Anklang
1334 3651 1383 3705 des
1401 3668 1509 3721 ganzen

335 3737 459 3805 Wortes,
484 3739 530 3792 die
553 3738 728 3806 Parechesis,
749 3771 780 3778 -
806 3739 1005 3792 Paronomasie
1028 3739 1078 3806 ist,
1101 3755 1184 3793 wenn
1207 3739 1258 3793 das
1276 3738 1359 3795 Wort
1380 3740 1510 3794 wirklich

337 3828 464 3882 desselbe
478 3829 517 3882 ist
534 3828 593 3881 und
610 3828 761 3882 hochstens
780 3827 810 3881 in
823 3827 1036 3882 verschiedener
1049 3827 1133 3881 Form
1146 3829 1214 3882 oder
1228 3828 1510 3900 Zusammensetzung

336 3917 500 3971 erscheint'.
547 3917 581 3970 cf.
611 3933 633 3970 e.
655 3935 682 3986 g.
710 3917 894 3987 Hermogenis
927 3917 992 3985 περὶ
1019 3916 1103 3972 ἰδεῶν
1134 3917 1152 3969 l.
1172 3917 1211 3971 IV
1230 3923 1254 3971 λ.
1287 3906 1333 3970 111'
1345 3924 1395 3972 169
1419 3919 1509 3986 Walu,

336 4006 489 4061 Alexandri
518 4007 582 4074 περὶ
610 4005 756 4076 σχημάτων
785 4006 824 4060 IX
847 4011 898 4060 477
934 4006 1028 4072 Walz,
1056 4005 1236 4062 Phoebamm.
1270 4008 1334 4075 περὶ
1363 4007 1509 4079 σχημάτων

337 4095 374 4148 IX
394 4101 445 4148 500
463 4094 553 4150 Walz.

426 4185 452 4252 2)
473 4183 507 4236 cf.
522 4183 746 4253 Ktihner-Gerth,
761 4184 869 4238 Griech.
882 4184 1003 4238 Gramm.
1018 4184 1070 4238 vol.
1083 4184 1132 4238 111
1151 4190 1174 4236 3.
1185 4184 1238 4250 ed,
1259 4189 1336 4251 1898,
1355 4204 1382 4254 p.
1392 4191 1442 4238 303
1449 4202 1508 4253 sqq.

427 4273 453 4340 3)
472 4271 575 4326 Kleber
592 4271 611 4326 l.
627 4289 649 4326 c.
668 4291 696 4342 p.
712 4279 753 4326 83.
786 4273 904 4343 Figurae
924 4273 1125 4342 etymologicus
1143 4273 1318 4328 Herodoteas
1337 4273 1511 4343 collegerunt

337 4359 483 4426 Btttcher,
506 4360 562 4414 Der
581 4361 728 4416 Gabrauch
751 4363 802 4416 der
818 4363 910 4416 Kasus
933 4362 979 4415 bei
1001 4363 1035 4416 H.
1072 4363 1167 4431 Progr.
1187 4362 1371 4417 Halberstadt
1390 4367 1459 4415 1885
1483 4364 1512 4416 et

339 4447 470 4516 senemr,
490 4437 566 4505 ther
584 4450 638 4504 sen
657 4449 805 4506 coortum
824 4451 873 4506 ses
892 4450 1064 4506 Annaea
1083 4451 1129 4506 bei
1147 4450 1180 4505 n.
1210 4451 1305 4524 progr.
1321 4451 1511 4506 croc-stren-

338 4535 485 4595 11111884.
630 4557 631 4560 ’
