<?xml version="1.0" encoding="UTF-8"?>
<!DOCTYPE html PUBLIC "-//W3C//DTD XHTML 1.0 Transitional//EN"
    "http://www.w3.org/TR/xhtml1/DTD/xhtml1-transitional.dtd">
<html xmlns="http://www.w3.org/1999/xhtml" xml:lang="en" lang="en">
 <head>
  <title>
</title>
<meta http-equiv="Content-Type" content="text/html;charset=utf-8" />
  <meta name='ocr-system' content='tesseract 3.04.00' />
  <meta name='ocr-capabilities' content='ocr_page ocr_carea ocr_par ocr_line ocrx_word'/>
</head>
<body>
  <div class='ocr_page' id='page_1' title='image "./deherodotielocu00wundgoog_0018.png"; bbox 0 0 3509 5325; ppageno 0'>
   <div class='ocr_carea' id='block_1_1' title="bbox 823 479 1043 545">
    <p class='ocr_par' dir='ltr' id='par_1_1' title="bbox 823 479 1043 545">
     <span class='ocr_line' id='line_1_1' title="bbox 823 479 1043 545; baseline 0 -18"><span class='ocrx_word' id='word_1_1' title='bbox 823 479 1043 545; x_wconf 70' lang='grc'>,16-</span> 
     </span>
    </p>
   </div>
   <div class='ocr_carea' id='block_1_2' title="bbox 347 637 1523 1262">
    <p class='ocr_par' dir='ltr' id='par_1_2' title="bbox 347 637 1523 1262">
     <span class='ocr_line' id='line_1_2' title="bbox 349 637 1521 725; baseline -0.001 -20"><span class='ocrx_word' id='word_1_2' title='bbox 349 638 537 719; x_wconf 81' lang='grc' dir='ltr'><strong><em>ὖπεξιόντες</em></strong></span> <span class='ocrx_word' id='word_1_3' title='bbox 559 638 592 717; x_wconf 84' lang='grc' dir='ltr'><strong>ἐς</strong></span> <span class='ocrx_word' id='word_1_4' title='bbox 614 641 654 707; x_wconf 77' lang='grc' dir='ltr'><strong>τὰ</strong></span> <span class='ocrx_word' id='word_1_5' title='bbox 677 642 874 725; x_wconf 80' lang='grc' dir='ltr'><strong><em>στεινόπορα</em></strong></span> <span class='ocrx_word' id='word_1_6' title='bbox 897 639 1058 725; x_wconf 79' lang='grc' dir='ltr'><strong><em>ἐμάχοντο</em></strong></span> <span class='ocrx_word' id='word_1_7' title='bbox 1082 644 1115 705; x_wconf 90' lang='lat' dir='ltr'><strong>et</strong></span> <span class='ocrx_word' id='word_1_8' title='bbox 1137 640 1296 705; x_wconf 83' lang='lat' dir='ltr'><strong>adiectivo</strong></span> <span class='ocrx_word' id='word_1_9' title='bbox 1319 637 1383 704; x_wconf 84' lang='lat' dir='ltr'><strong>VII</strong></span> <span class='ocrx_word' id='word_1_10' title='bbox 1406 638 1481 724; x_wconf 76' lang='lat'>211,</span> <span class='ocrx_word' id='word_1_11' title='bbox 1500 638 1521 704; x_wconf 83' lang='lat'>5</span> 
     </span>
     <span class='ocr_line' id='line_1_3' title="bbox 348 745 1521 836; baseline -0.002 -23"><span class='ocrx_word' id='word_1_12' title='bbox 348 748 404 813; x_wconf 84' lang='grc' dir='ltr'><strong><em>όίτε</em></strong></span> <span class='ocrx_word' id='word_1_13' title='bbox 428 745 464 812; x_wconf 84' lang='grc' dir='ltr'><strong>ἐν</strong></span> <span class='ocrx_word' id='word_1_14' title='bbox 488 749 689 836; x_wconf 74' lang='grc' dir='ltr'><strong><em>στεινοπόρῳ</em></strong></span> <span class='ocrx_word' id='word_1_15' title='bbox 713 770 747 811; x_wconf 90' lang='grc' dir='ltr'><strong>τε</strong></span> <span class='ocrx_word' id='word_1_16' title='bbox 770 748 866 835; x_wconf 75' lang='grc' dir='ltr'><strong><em>χώρῳ</em></strong></span> <span class='ocrx_word' id='word_1_17' title='bbox 892 749 1072 831; x_wconf 88' lang='grc' dir='ltr'><strong><em>μαχόμενοι</em></strong></span> <span class='ocrx_word' id='word_1_18' title='bbox 1099 748 1184 811; x_wconf 89' lang='lat' dir='ltr'><strong>unde</strong></span> <span class='ocrx_word' id='word_1_19' title='bbox 1210 748 1403 813; x_wconf 86' lang='lat' dir='ltr'><strong>substantivi</strong></span> <span class='ocrx_word' id='word_1_20' title='bbox 1427 769 1521 812; x_wconf 90' lang='lat' dir='ltr'><strong>usum</strong></span> 
     </span>
     <span class='ocr_line' id='line_1_4' title="bbox 348 852 1519 939; baseline -0.001 -21"><span class='ocrx_word' id='word_1_21' title='bbox 348 854 527 939; x_wconf 86' lang='lat' dir='ltr'><strong>profectum</strong></span> <span class='ocrx_word' id='word_1_22' title='bbox 557 876 625 919; x_wconf 90' lang='lat' dir='ltr'><strong>esse</strong></span> <span class='ocrx_word' id='word_1_23' title='bbox 655 858 800 938; x_wconf 84' lang='lat' dir='ltr'><strong>apparet,</strong></span> <span class='ocrx_word' id='word_1_24' title='bbox 830 853 915 919; x_wconf 88' lang='lat' dir='ltr'><strong>sieut</strong></span> <span class='ocrx_word' id='word_1_25' title='bbox 942 852 1144 938; x_wconf 75' lang='lat' dir='ltr'><strong>Thucydides</strong></span> <span class='ocrx_word' id='word_1_26' title='bbox 1174 854 1316 939; x_wconf 75' lang='lat' dir='ltr'><strong>scripsit:</strong></span> <span class='ocrx_word' id='word_1_27' title='bbox 1343 852 1408 919; x_wconf 88' lang='lat' dir='ltr'><strong>VH</strong></span> <span class='ocrx_word' id='word_1_28' title='bbox 1428 854 1519 938; x_wconf 84' lang='grc'><strong>73,1</strong></span> 
     </span>
     <span class='ocr_line' id='line_1_5' title="bbox 348 959 1523 1052; baseline -0.001 -24"><span class='ocrx_word' id='word_1_29' title='bbox 348 964 404 1039; x_wconf 82' lang='grc' dir='ltr'><strong>τός</strong></span> <span class='ocrx_word' id='word_1_30' title='bbox 433 985 467 1027; x_wconf 89' lang='grc' dir='ltr'><strong>τε</strong></span> <span class='ocrx_word' id='word_1_31' title='bbox 498 961 600 1038; x_wconf 79' lang='grc' dir='ltr'><strong><em>ὁδοὺς</em></strong></span> <span class='ocrx_word' id='word_1_32' title='bbox 629 960 892 1052; x_wconf 74' lang='grc' dir='ltr'><strong><em>ἀνοικοδομῆσαι</em></strong></span> <span class='ocrx_word' id='word_1_33' title='bbox 924 959 979 1025; x_wconf 82' lang='grc' dir='ltr'><strong>καὶ</strong></span> <span class='ocrx_word' id='word_1_34' title='bbox 1011 962 1051 1025; x_wconf 77' lang='grc' dir='ltr'><strong>τὰ</strong></span> <span class='ocrx_word' id='word_1_35' title='bbox 1083 964 1266 1043; x_wconf 73' lang='grc' dir='ltr'><strong><em>στενόπορα</em></strong></span> <span class='ocrx_word' id='word_1_36' title='bbox 1293 973 1360 1026; x_wconf 85' lang='grc' dir='ltr'><strong>τῶν</strong></span> <span class='ocrx_word' id='word_1_37' title='bbox 1392 966 1523 1046; x_wconf 89' lang='grc' dir='ltr'><strong><em>χωρίων</em></strong></span> 
     </span>
     <span class='ocr_line' id='line_1_6' title="bbox 348 1067 1522 1153; baseline -0.002 -19"><span class='ocrx_word' id='word_1_38' title='bbox 348 1070 566 1153; x_wconf 75' lang='grc' dir='ltr'><strong><em>διαλαβόντας</em></strong></span> <span class='ocrx_word' id='word_1_39' title='bbox 602 1067 794 1151; x_wconf 85' lang='grc' dir='ltr'><strong><em>φυλόσσειυ.</em></strong></span> <span class='ocrx_word' id='word_1_40' title='bbox 849 1068 896 1131; x_wconf 81' lang='grc' dir='ltr'><strong>Τὰ</strong></span> <span class='ocrx_word' id='word_1_41' title='bbox 933 1070 1117 1150; x_wconf 73' lang='grc' dir='ltr'><strong><em>στενόπορα</em></strong></span> <span class='ocrx_word' id='word_1_42' title='bbox 1159 1068 1245 1132; x_wconf 91' lang='lat' dir='ltr'><strong>euim</strong></span> <span class='ocrx_word' id='word_1_43' title='bbox 1282 1069 1349 1134; x_wconf 83' lang='grc' dir='ltr'><strong>τὼν</strong></span> <span class='ocrx_word' id='word_1_44' title='bbox 1390 1069 1522 1153; x_wconf 88' lang='grc' dir='ltr'><strong><em>χωρίων</em></strong></span> 
     </span>
     <span class='ocr_line' id='line_1_7' title="bbox 347 1172 1523 1262; baseline 0 -22"><span class='ocrx_word' id='word_1_45' title='bbox 347 1176 432 1240; x_wconf 89' lang='lat' dir='ltr'><strong>idem</strong></span> <span class='ocrx_word' id='word_1_46' title='bbox 455 1177 560 1240; x_wconf 86' lang='lat' dir='ltr'><strong>valere</strong></span> <span class='ocrx_word' id='word_1_47' title='bbox 590 1177 687 1258; x_wconf 87' lang='lat' dir='ltr'><strong>etque</strong></span> <span class='ocrx_word' id='word_1_48' title='bbox 715 1175 754 1239; x_wconf 81' lang='grc' dir='ltr'><strong>τὰ</strong></span> <span class='ocrx_word' id='word_1_49' title='bbox 782 1177 965 1255; x_wconf 85' lang='grc' dir='ltr'><strong><em>στενόπορα</em></strong></span> <span class='ocrx_word' id='word_1_50' title='bbox 992 1177 1097 1259; x_wconf 86' lang='grc' dir='ltr'><strong><em>χωρία</em></strong></span> <span class='ocrx_word' id='word_1_51' title='bbox 1119 1178 1242 1239; x_wconf 86' lang='lat' dir='ltr'><strong>certum</strong></span> <span class='ocrx_word' id='word_1_52' title='bbox 1266 1173 1356 1262; x_wconf 67' lang='lat' dir='ltr'><strong>estl).</strong></span> <span class='ocrx_word' id='word_1_53' title='bbox 1402 1172 1523 1240; x_wconf 77' lang='lat' dir='ltr'><strong>Contra</strong></span> 
     </span>
    </p>
   </div>
   <div class='ocr_carea' id='block_1_3' title="bbox 347 1279 1643 1367">
    <p class='ocr_par' dir='ltr' id='par_1_3' title="bbox 347 1279 1643 1367">
     <span class='ocr_line' id='line_1_8' title="bbox 347 1279 1643 1367; baseline -0.002 -20"><span class='ocrx_word' id='word_1_54' title='bbox 347 1286 384 1347; x_wconf 92' lang='lat' dir='ltr'><strong>ut</strong></span> <span class='ocrx_word' id='word_1_55' title='bbox 407 1282 603 1367; x_wconf 85' lang='lat' dir='ltr'><strong>Lycophron</strong></span> <span class='ocrx_word' id='word_1_56' title='bbox 625 1280 726 1365; x_wconf 79' lang='grc' dir='ltr'><strong><em>ἀκτὴν</em></strong></span> <span class='ocrx_word' id='word_1_57' title='bbox 751 1279 829 1345; x_wconf 89' lang='lat' dir='ltr'><strong>dicit</strong></span> <span class='ocrx_word' id='word_1_58' title='bbox 852 1283 1056 1366; x_wconf 82' lang='grc' dir='ltr'><strong><em>στενόπορον</em></strong></span> <span class='ocrx_word' id='word_1_59' title='bbox 1079 1282 1125 1346; x_wconf 85' lang='lat' dir='ltr'><strong>ita</strong></span> <span class='ocrx_word' id='word_1_60' title='bbox 1152 1280 1269 1367; x_wconf 77' lang='lat' dir='ltr'><strong>tragici</strong></span> <span class='ocrx_word' id='word_1_61' title='bbox 1291 1285 1405 1365; x_wconf 85' lang='lat' dir='ltr'><strong>poetae</strong></span> <span class='ocrx_word' id='word_1_62' title='bbox 1428 1283 1523 1367; x_wconf 86' lang='lat' dir='ltr'><strong>plane</strong></span> <span class='ocrx_word' id='word_1_63' title='bbox 1639 1282 1643 1285; x_wconf 74' lang='grc'><strong>’</strong></span> 
     </span>
    </p>
   </div>
   <div class='ocr_carea' id='block_1_4' title="bbox 347 1386 1523 2114">
    <p class='ocr_par' dir='ltr' id='par_1_4' title="bbox 347 1386 1523 2010">
     <span class='ocr_line' id='line_1_9' title="bbox 348 1386 1520 1473; baseline -0.003 -18"><span class='ocrx_word' id='word_1_64' title='bbox 348 1390 473 1454; x_wconf 84' lang='lat' dir='ltr'><strong>diverse</strong></span> <span class='ocrx_word' id='word_1_65' title='bbox 491 1388 623 1453; x_wconf 89' lang='lat' dir='ltr'><strong>nomine</strong></span> <span class='ocrx_word' id='word_1_66' title='bbox 640 1386 689 1453; x_wconf 92' lang='lat' dir='ltr'><strong>illi</strong></span> <span class='ocrx_word' id='word_1_67' title='bbox 706 1387 866 1454; x_wconf 82' lang='lat' dir='ltr'><strong>adiectivo</strong></span> <span class='ocrx_word' id='word_1_68' title='bbox 885 1387 1074 1473; x_wconf 80' lang='lat' dir='ltr'><strong>adiungunt.</strong></span> <span class='ocrx_word' id='word_1_69' title='bbox 1110 1387 1150 1453; x_wconf 84' lang='lat' dir='ltr'><strong>ef.</strong></span> <span class='ocrx_word' id='word_1_70' title='bbox 1165 1386 1318 1471; x_wconf 75' lang='lat' dir='ltr'><strong>Aeschyli</strong></span> <span class='ocrx_word' id='word_1_71' title='bbox 1335 1388 1442 1453; x_wconf 88' lang='lat' dir='ltr'><strong>Prom.</strong></span> <span class='ocrx_word' id='word_1_72' title='bbox 1459 1389 1520 1452; x_wconf 76' lang='grc'><strong>727</strong></span> 
     </span>
     <span class='ocr_line' id='line_1_10' title="bbox 348 1492 1520 1579; baseline -0.003 -18"><span class='ocrx_word' id='word_1_73' title='bbox 348 1494 397 1561; x_wconf 80' lang='grc' dir='ltr'><strong>ἐπ’</strong></span> <span class='ocrx_word' id='word_1_74' title='bbox 416 1496 530 1572; x_wconf 77' lang='grc' dir='ltr'><strong><em>αὐτοῖς</em></strong></span> <span class='ocrx_word' id='word_1_75' title='bbox 549 1496 762 1577; x_wconf 81' lang='grc' dir='ltr'><strong><em>στενοπόροις</em></strong></span> <span class='ocrx_word' id='word_1_76' title='bbox 780 1498 897 1578; x_wconf 81' lang='grc' dir='ltr'><strong><em>λίμνης</em></strong></span> <span class='ocrx_word' id='word_1_77' title='bbox 915 1496 1042 1571; x_wconf 79' lang='grc' dir='ltr'><strong><em>πύλαις.</em></strong></span> <span class='ocrx_word' id='word_1_78' title='bbox 1076 1493 1242 1579; x_wconf 80' lang='lat' dir='ltr'><strong>Euripidis</strong></span> <span class='ocrx_word' id='word_1_79' title='bbox 1260 1492 1331 1579; x_wconf 91' lang='lat' dir='ltr'><strong>Iph.</strong></span> <span class='ocrx_word' id='word_1_80' title='bbox 1345 1492 1418 1559; x_wconf 84' lang='lat' dir='ltr'><strong>Aul.</strong></span> <span class='ocrx_word' id='word_1_81' title='bbox 1436 1493 1520 1558; x_wconf 87' lang='grc'><strong>1497</strong></span> 
     </span>
     <span class='ocr_line' id='line_1_11' title="bbox 348 1598 1523 1687; baseline -0.002 -19"><span class='ocrx_word' id='word_1_82' title='bbox 348 1606 600 1687; x_wconf 89' lang='grc' dir='ltr'><strong><em>στενοπόροισιν</em></strong></span> <span class='ocrx_word' id='word_1_83' title='bbox 624 1600 748 1685; x_wconf 80' lang='grc' dir='ltr'><strong><em>ὅρμοις.</em></strong></span> <span class='ocrx_word' id='word_1_84' title='bbox 793 1598 863 1685; x_wconf 94' lang='lat' dir='ltr'><strong>Iph.</strong></span> <span class='ocrx_word' id='word_1_85' title='bbox 883 1600 977 1665; x_wconf 83' lang='lat' dir='ltr'><strong>Taur.</strong></span> <span class='ocrx_word' id='word_1_86' title='bbox 997 1601 1063 1666; x_wconf 82' lang='lat'><strong>890</strong></span> <span class='ocrx_word' id='word_1_87' title='bbox 1084 1602 1141 1666; x_wconf 77' lang='grc' dir='ltr'><strong>’διὰ</strong></span> <span class='ocrx_word' id='word_1_88' title='bbox 1164 1600 1306 1678; x_wconf 80' lang='grc' dir='ltr'><strong><em>κυανέας</em></strong></span> <span class='ocrx_word' id='word_1_89' title='bbox 1326 1602 1393 1684; x_wconf 78' lang='grc' dir='ltr'><strong>μὴν</strong></span> <span class='ocrx_word' id='word_1_90' title='bbox 1411 1618 1523 1666; x_wconf 89' lang='grc' dir='ltr'><strong><em>στενο-</em></strong></span> 
     </span>
     <span class='ocr_line' id='line_1_12' title="bbox 347 1706 1522 1794; baseline -0.003 -19"><span class='ocrx_word' id='word_1_91' title='bbox 347 1712 454 1790; x_wconf 86' lang='grc' dir='ltr'><strong><em>πόρου</em></strong></span> <span class='ocrx_word' id='word_1_92' title='bbox 480 1706 602 1794; x_wconf 65' lang='grc' dir='ltr'><strong><em>,πέτρας</em></strong></span> <span class='ocrx_word' id='word_1_93' title='bbox 631 1709 739 1793; x_wconf 77' lang='grc' dir='ltr'><strong><em>μακρὰ</em></strong></span> <span class='ocrx_word' id='word_1_94' title='bbox 768 1707 913 1774; x_wconf 82' lang='grc' dir='ltr'><strong><em>κέλευθα</em></strong></span> <span class='ocrx_word' id='word_1_95' title='bbox 943 1710 1089 1773; x_wconf 89' lang='grc' dir='ltr'><strong><em>ναΐοισιν</em></strong></span> <span class='ocrx_word' id='word_1_96' title='bbox 1119 1708 1286 1792; x_wconf 77' lang='grc' dir='ltr'><strong><em>δρασμοῖς.</em></strong></span> <span class='ocrx_word' id='word_1_97' title='bbox 1333 1706 1395 1772; x_wconf 83' lang='lat' dir='ltr'><strong>Sed</strong></span> <span class='ocrx_word' id='word_1_98' title='bbox 1425 1707 1522 1771; x_wconf 86' lang='lat' dir='ltr'><strong>etiam</strong></span> 
     </span>
     <span class='ocr_line' id='line_1_13' title="bbox 347 1813 1523 1902; baseline -0.002 -21"><span class='ocrx_word' id='word_1_99' title='bbox 347 1814 539 1881; x_wconf 85' lang='lat' dir='ltr'><strong>Aristotcles</strong></span> <span class='ocrx_word' id='word_1_100' title='bbox 568 1816 637 1899; x_wconf 89' lang='lat' dir='ltr'><strong>ipse</strong></span> <span class='ocrx_word' id='word_1_101' title='bbox 667 1836 734 1879; x_wconf 90' lang='lat' dir='ltr'><strong>non</strong></span> <span class='ocrx_word' id='word_1_102' title='bbox 763 1815 884 1879; x_wconf 86' lang='lat' dir='ltr'><strong>veritus</strong></span> <span class='ocrx_word' id='word_1_103' title='bbox 915 1818 964 1879; x_wconf 88' lang='lat' dir='ltr'><strong>est</strong></span> <span class='ocrx_word' id='word_1_104' title='bbox 994 1813 1131 1880; x_wconf 86' lang='lat' dir='ltr'><strong>scribere</strong></span> <span class='ocrx_word' id='word_1_105' title='bbox 1166 1817 1355 1902; x_wconf 83' lang='grc' dir='ltr'><strong><em>στενοπόρφ</em></strong></span> <span class='ocrx_word' id='word_1_106' title='bbox 1387 1816 1523 1897; x_wconf 89' lang='grc' dir='ltr'><strong><em>στόματι</em></strong></span> 
     </span>
     <span class='ocr_line' id='line_1_14' title="bbox 348 1918 1521 2010; baseline -0.003 -22"><span class='ocrx_word' id='word_1_107' title='bbox 348 1921 437 2010; x_wconf 77' lang='grc' dir='ltr'><strong><em>(περὶ</em></strong></span> <span class='ocrx_word' id='word_1_108' title='bbox 458 1926 582 2005; x_wconf 91' lang='grc' dir='ltr'><strong><em>κόσμου</em></strong></span> <span class='ocrx_word' id='word_1_109' title='bbox 602 1922 623 1985; x_wconf 82' lang='grc'><strong>3</strong></span> <span class='ocrx_word' id='word_1_110' title='bbox 641 1944 672 2005; x_wconf 88' lang='lat' dir='ltr'><strong>p.</strong></span> <span class='ocrx_word' id='word_1_111' title='bbox 687 1921 782 1985; x_wconf 71' lang='lat' dir='ltr'><strong>eona</strong></span> <span class='ocrx_word' id='word_1_112' title='bbox 803 1919 858 2007; x_wconf 83' lang='lat'><strong>18)</strong></span> <span class='ocrx_word' id='word_1_113' title='bbox 883 1926 915 1987; x_wconf 88' lang='lat' dir='ltr'><strong>et</strong></span> <span class='ocrx_word' id='word_1_114' title='bbox 939 1924 1161 2006; x_wconf 87' lang='grc' dir='ltr'><strong><em>στενοκόρονς</em></strong></span> <span class='ocrx_word' id='word_1_115' title='bbox 1182 1920 1322 2007; x_wconf 77' lang='grc' dir='ltr'><strong><em>αὐχένας</em></strong></span> <span class='ocrx_word' id='word_1_116' title='bbox 1344 1918 1435 2007; x_wconf 86' lang='lat' dir='ltr'><strong>(ibid.</strong></span> <span class='ocrx_word' id='word_1_117' title='bbox 1455 1918 1521 2007; x_wconf 79' lang='lat'><strong>22).</strong></span> 
     </span>
    </p>

    <p class='ocr_par' dir='ltr' id='par_1_5' title="bbox 436 2020 1522 2114">
     <span class='ocr_line' id='line_1_15' title="bbox 436 2020 1522 2114; baseline -0.003 -20"><span class='ocrx_word' id='word_1_118' title='bbox 436 2027 609 2114; x_wconf 79' lang='grc' dir='ltr'><strong><em>φερέοικος</em></strong></span> <span class='ocrx_word' id='word_1_119' title='bbox 630 2026 749 2107; x_wconf 83' lang='lat' dir='ltr'><strong>1V46,</strong></span> <span class='ocrx_word' id='word_1_120' title='bbox 771 2028 810 2091; x_wconf 89' lang='lat'><strong>11</strong></span> <span class='ocrx_word' id='word_1_121' title='bbox 836 2040 922 2094; x_wconf 80' lang='grc' dir='ltr'><strong><em>τοῖσι</em></strong></span> <span class='ocrx_word' id='word_1_122' title='bbox 945 2029 1008 2112; x_wconf 78' lang='grc' dir='ltr'><strong><em>γὰρ</em></strong></span> <span class='ocrx_word' id='word_1_123' title='bbox 1034 2031 1114 2112; x_wconf 83' lang='grc' dir='ltr'><strong><em>μήτε</em></strong></span> <span class='ocrx_word' id='word_1_124' title='bbox 1141 2030 1240 2093; x_wconf 76' lang='grc' dir='ltr'><strong><em>ἄστεα</em></strong></span> <span class='ocrx_word' id='word_1_125' title='bbox 1268 2031 1348 2112; x_wconf 81' lang='grc' dir='ltr'><strong><em>μήτε</em></strong></span> <span class='ocrx_word' id='word_1_126' title='bbox 1371 2031 1480 2113; x_wconf 88' lang='grc' dir='ltr'><strong><em>τείχεα</em></strong></span> <span class='ocrx_word' id='word_1_127' title='bbox 1501 2020 1522 2112; x_wconf 77' lang='grc' dir='ltr'><strong><em>ᾖ</em></strong></span> 
     </span>
    </p>
   </div>
   <div class='ocr_carea' id='block_1_5' title="bbox 227 2133 1523 2229">
    <p class='ocr_par' dir='ltr' id='par_1_6' title="bbox 227 2133 1523 2229">
     <span class='ocr_line' id='line_1_16' title="bbox 227 2133 1523 2229; baseline -0.003 -28"><span class='ocrx_word' id='word_1_128' title='bbox 227 2220 230 2229; x_wconf 79' lang='lat'><strong>.</strong></span> <span class='ocrx_word' id='word_1_129' title='bbox 348 2134 533 2220; x_wconf 81' lang='grc' dir='ltr'><strong><em>ἐκτισμένα,</em></strong></span> <span class='ocrx_word' id='word_1_130' title='bbox 570 2134 653 2199; x_wconf 81' lang='grc' dir='ltr'><strong><em>ἀλλὰ</em></strong></span> <span class='ocrx_word' id='word_1_131' title='bbox 686 2134 854 2219; x_wconf 86' lang='grc' dir='ltr'><strong><em>φερέοικοι</em></strong></span> <span class='ocrx_word' id='word_1_132' title='bbox 891 2133 1001 2212; x_wconf 82' lang='grc' dir='ltr'><strong><em>ἐόντες</em></strong></span> <span class='ocrx_word' id='word_1_133' title='bbox 1031 2133 1095 2199; x_wconf 86' lang='grc' dir='ltr'><strong><em>κτέ.</em></strong></span> <span class='ocrx_word' id='word_1_134' title='bbox 1147 2133 1238 2200; x_wconf 86' lang='lat' dir='ltr'><strong>ldem</strong></span> <span class='ocrx_word' id='word_1_135' title='bbox 1267 2134 1459 2199; x_wconf 82' lang='lat' dir='ltr'><strong>vocabulum</strong></span> <span class='ocrx_word' id='word_1_136' title='bbox 1488 2134 1523 2197; x_wconf 90' lang='lat' dir='ltr'><strong>in</strong></span> 
     </span>
    </p>
   </div>
   <div class='ocr_carea' id='block_1_6' title="bbox 346 2240 1523 3182">
    <p class='ocr_par' dir='ltr' id='par_1_7' title="bbox 346 2240 1523 2416">
     <span class='ocr_line' id='line_1_17' title="bbox 346 2240 1523 2326; baseline -0.002 -19"><span class='ocrx_word' id='word_1_137' title='bbox 346 2243 482 2308; x_wconf 84' lang='lat' dir='ltr'><strong>Hesiodi</strong></span> <span class='ocrx_word' id='word_1_138' title='bbox 505 2265 555 2326; x_wconf 91' lang='lat' dir='ltr'><strong>op.</strong></span> <span class='ocrx_word' id='word_1_139' title='bbox 576 2241 640 2305; x_wconf 81' lang='grc'><strong>573</strong></span> <span class='ocrx_word' id='word_1_140' title='bbox 671 2241 835 2306; x_wconf 80' lang='lat' dir='ltr'><strong>cochleam</strong></span> <span class='ocrx_word' id='word_1_141' title='bbox 866 2241 1013 2306; x_wconf 85' lang='lat' dir='ltr'><strong>declarat.</strong></span> <span class='ocrx_word' id='word_1_142' title='bbox 1065 2240 1127 2306; x_wconf 86' lang='lat' dir='ltr'><strong>Sed</strong></span> <span class='ocrx_word' id='word_1_143' title='bbox 1156 2241 1244 2307; x_wconf 90' lang='lat' dir='ltr'><strong>hunc</strong></span> <span class='ocrx_word' id='word_1_144' title='bbox 1274 2262 1401 2325; x_wconf 88' lang='lat' dir='ltr'><strong>quoque</strong></span> <span class='ocrx_word' id='word_1_145' title='bbox 1431 2261 1523 2305; x_wconf 73' lang='lat' dir='ltr'><strong>voca</strong></span> 
     </span>
     <span class='ocr_line' id='line_1_18' title="bbox 346 2348 1319 2416; baseline -0.004 0"><span class='ocrx_word' id='word_1_146' title='bbox 346 2350 424 2416; x_wconf 89' lang='lat' dir='ltr'><strong>bulo</strong></span> <span class='ocrx_word' id='word_1_147' title='bbox 447 2349 602 2415; x_wconf 86' lang='lat' dir='ltr'><strong>translata</strong></span> <span class='ocrx_word' id='word_1_148' title='bbox 624 2348 756 2413; x_wconf 87' lang='lat' dir='ltr'><strong>notione</strong></span> <span class='ocrx_word' id='word_1_149' title='bbox 779 2369 874 2412; x_wconf 85' lang='lat' dir='ltr'><strong>usum</strong></span> <span class='ocrx_word' id='word_1_150' title='bbox 898 2370 965 2413; x_wconf 87' lang='lat' dir='ltr'><strong>esse</strong></span> <span class='ocrx_word' id='word_1_151' title='bbox 988 2348 1163 2413; x_wconf 84' lang='lat' dir='ltr'><strong>verisimile</strong></span> <span class='ocrx_word' id='word_1_152' title='bbox 1185 2349 1319 2412; x_wconf 86' lang='lat' dir='ltr'><strong>videtur.</strong></span> 
     </span>
    </p>

    <p class='ocr_par' dir='ltr' id='par_1_8' title="bbox 346 2454 1523 3077">
     <span class='ocr_line' id='line_1_19' title="bbox 436 2454 1523 2541; baseline -0.005 -19"><span class='ocrx_word' id='word_1_153' title='bbox 436 2458 638 2541; x_wconf 83' lang='grc' dir='ltr'><strong><em>χειραπτόζω</em></strong></span> <span class='ocrx_word' id='word_1_154' title='bbox 668 2477 734 2519; x_wconf 89' lang='lat' dir='ltr'><strong>non</strong></span> <span class='ocrx_word' id='word_1_155' title='bbox 763 2455 848 2519; x_wconf 86' lang='lat' dir='ltr'><strong>idem</strong></span> <span class='ocrx_word' id='word_1_156' title='bbox 880 2455 985 2519; x_wconf 86' lang='lat' dir='ltr'><strong>valere</strong></span> <span class='ocrx_word' id='word_1_157' title='bbox 1014 2459 1112 2538; x_wconf 86' lang='lat' dir='ltr'><strong>atque</strong></span> <span class='ocrx_word' id='word_1_158' title='bbox 1143 2454 1281 2538; x_wconf 83' lang='lat' dir='ltr'><strong>simplex</strong></span> <span class='ocrx_word' id='word_1_159' title='bbox 1309 2456 1434 2534; x_wconf 83' lang='grc' dir='ltr'><strong><em>ἅπτειν,</em></strong></span> <span class='ocrx_word' id='word_1_160' title='bbox 1467 2454 1523 2519; x_wconf 90' lang='lat' dir='ltr'><strong>sed</strong></span> 
     </span>
     <span class='ocr_line' id='line_1_20' title="bbox 346 2560 1523 2647; baseline -0.005 -16"><span class='ocrx_word' id='word_1_161' title='bbox 346 2566 418 2631; x_wconf 90' lang='lat' dir='ltr'><strong>loco</strong></span> <span class='ocrx_word' id='word_1_162' title='bbox 443 2560 609 2647; x_wconf 82' lang='grc' dir='ltr'><strong><em>αὐτοχειρὶ</em></strong></span> <span class='ocrx_word' id='word_1_163' title='bbox 633 2563 746 2627; x_wconf 80' lang='grc' dir='ltr'><strong><em>ἅπτειν</em></strong></span> <span class='ocrx_word' id='word_1_164' title='bbox 770 2562 822 2626; x_wconf 87' lang='lat' dir='ltr'><strong>vel</strong></span> <span class='ocrx_word' id='word_1_165' title='bbox 845 2562 960 2627; x_wconf 90' lang='lat' dir='ltr'><strong>similis</strong></span> <span class='ocrx_word' id='word_1_166' title='bbox 988 2562 1180 2627; x_wconf 85' lang='lat' dir='ltr'><strong>elocutionis</strong></span> <span class='ocrx_word' id='word_1_167' title='bbox 1208 2562 1364 2645; x_wconf 87' lang='lat' dir='ltr'><strong>scriptum</strong></span> <span class='ocrx_word' id='word_1_168' title='bbox 1392 2581 1460 2626; x_wconf 86' lang='lat' dir='ltr'><strong>esse</strong></span> <span class='ocrx_word' id='word_1_169' title='bbox 1483 2583 1523 2625; x_wconf 85' lang='lat' dir='ltr'><strong>ex</strong></span> 
     </span>
     <span class='ocr_line' id='line_1_21' title="bbox 346 2666 1522 2757; baseline -0.004 -20"><span class='ocrx_word' id='word_1_170' title='bbox 346 2673 427 2757; x_wconf 89' lang='lat' dir='ltr'><strong>ipsis</strong></span> <span class='ocrx_word' id='word_1_171' title='bbox 454 2670 561 2736; x_wconf 82' lang='lat' dir='ltr'><strong>verbis</strong></span> <span class='ocrx_word' id='word_1_172' title='bbox 589 2668 782 2734; x_wconf 83' lang='lat' dir='ltr'><strong>Herodoteis</strong></span> <span class='ocrx_word' id='word_1_173' title='bbox 810 2673 957 2753; x_wconf 87' lang='lat' dir='ltr'><strong>apparet:</strong></span> <span class='ocrx_word' id='word_1_174' title='bbox 985 2668 1133 2753; x_wconf 83' lang='lat'>1190‚5</span> <span class='ocrx_word' id='word_1_175' title='bbox 1157 2666 1236 2735; x_wconf 73' lang='grc' dir='ltr'><strong>οὐδὲ</strong></span> <span class='ocrx_word' id='word_1_176' title='bbox 1264 2679 1390 2746; x_wconf 78' lang='grc' dir='ltr'><strong><em>ψαῦσαι</em></strong></span> <span class='ocrx_word' id='word_1_177' title='bbox 1419 2669 1522 2746; x_wconf 78' lang='grc' dir='ltr'><strong><em>ἔξεστι</em></strong></span> 
     </span>
     <span class='ocr_line' id='line_1_22' title="bbox 348 2775 1522 2860; baseline -0.003 -16"><span class='ocrx_word' id='word_1_178' title='bbox 348 2779 451 2844; x_wconf 87' lang='grc' dir='ltr'><strong><em>αὐτοῦ</em></strong></span> <span class='ocrx_word' id='word_1_179' title='bbox 474 2779 577 2843; x_wconf 81' lang='grc' dir='ltr'><strong><em>ἄλλον</em></strong></span> <span class='ocrx_word' id='word_1_180' title='bbox 600 2775 723 2842; x_wconf 78' lang='grc' dir='ltr'><strong><em>οὐδένα</em></strong></span> <span class='ocrx_word' id='word_1_181' title='bbox 747 2777 822 2841; x_wconf 79' lang='grc' dir='ltr'><strong><em>οὔτε</em></strong></span> <span class='ocrx_word' id='word_1_182' title='bbox 851 2787 917 2840; x_wconf 82' lang='grc' dir='ltr'><strong>τῶν</strong></span> <span class='ocrx_word' id='word_1_183' title='bbox 944 2779 1181 2860; x_wconf 81' lang='grc' dir='ltr'><strong><em>προσηκόντων</em></strong></span> <span class='ocrx_word' id='word_1_184' title='bbox 1209 2776 1285 2841; x_wconf 80' lang='grc' dir='ltr'><strong><em>οὔτε</em></strong></span> <span class='ocrx_word' id='word_1_185' title='bbox 1312 2786 1379 2840; x_wconf 81' lang='grc' dir='ltr'><strong>τῶν</strong></span> <span class='ocrx_word' id='word_1_186' title='bbox 1402 2779 1522 2859; x_wconf 83' lang='grc' dir='ltr'><strong><em>φίλων,</em></strong></span> 
     </span>
     <span class='ocr_line' id='line_1_23' title="bbox 347 2880 1522 2968; baseline -0.003 -18"><span class='ocrx_word' id='word_1_187' title='bbox 347 2885 430 2951; x_wconf 77' lang='grc' dir='ltr'><strong><em>ἄλλό</em></strong></span> <span class='ocrx_word' id='word_1_188' title='bbox 453 2907 514 2968; x_wconf 88' lang='grc' dir='ltr'><strong>μεν</strong></span> <span class='ocrx_word' id='word_1_189' title='bbox 538 2884 573 2949; x_wconf 85' lang='grc' dir='ltr'><strong>οί</strong></span> <span class='ocrx_word' id='word_1_190' title='bbox 595 2881 679 2967; x_wconf 87' lang='grc' dir='ltr'><strong><em>ίρέες</em></strong></span> <span class='ocrx_word' id='word_1_191' title='bbox 702 2881 797 2948; x_wconf 82' lang='grc' dir='ltr'><strong><em>αὐτοὶ</em></strong></span> <span class='ocrx_word' id='word_1_192' title='bbox 820 2883 856 2946; x_wconf 81' lang='lat' dir='ltr'><strong>ol</strong></span> <span class='ocrx_word' id='word_1_193' title='bbox 876 2892 936 2947; x_wconf 85' lang='grc' dir='ltr'><strong>τοῦ</strong></span> <span class='ocrx_word' id='word_1_194' title='bbox 954 2885 1082 2947; x_wconf 79' lang='grc' dir='ltr'><strong><em>Νείλου</em></strong></span> <span class='ocrx_word' id='word_1_195' title='bbox 1100 2883 1156 2947; x_wconf 81' lang='grc' dir='ltr'><strong>ἅτε</strong></span> <span class='ocrx_word' id='word_1_196' title='bbox 1174 2880 1278 2954; x_wconf 88' lang='grc' dir='ltr'><strong><em>πλέον</em></strong></span> <span class='ocrx_word' id='word_1_197' title='bbox 1300 2906 1332 2947; x_wconf 91' lang='grc' dir='ltr'><strong>τι</strong></span> <span class='ocrx_word' id='word_1_198' title='bbox 1350 2880 1370 2966; x_wconf 78' lang='grc' dir='ltr'><em>ἢ</em></span> <span class='ocrx_word' id='word_1_199' title='bbox 1389 2880 1522 2964; x_wconf 78' lang='grc' dir='ltr'><strong><em>ἀνθρώ-</em></strong></span> 
     </span>
     <span class='ocr_line' id='line_1_24' title="bbox 348 2990 1046 3077; baseline -0.004 -20"><span class='ocrx_word' id='word_1_200' title='bbox 348 3013 413 3058; x_wconf 90' lang='grc' dir='ltr'><strong>που</strong></span> <span class='ocrx_word' id='word_1_201' title='bbox 436 2993 555 3077; x_wconf 90' lang='grc' dir='ltr'><strong><em>νεκρὸν</em></strong></span> <span class='ocrx_word' id='word_1_202' title='bbox 579 2990 848 3076; x_wconf 73' lang='grc' dir='ltr'><strong><em>χειραπτάζοντες</em></strong></span> <span class='ocrx_word' id='word_1_203' title='bbox 870 2990 1046 3054; x_wconf 75' lang='grc' dir='ltr'><strong><em>θάπτουσι.</em></strong></span> 
     </span>
    </p>

    <p class='ocr_par' dir='ltr' id='par_1_9' title="bbox 435 3095 1522 3182">
     <span class='ocr_line' id='line_1_25' title="bbox 435 3095 1522 3182; baseline -0.004 -19"><span class='ocrx_word' id='word_1_204' title='bbox 435 3097 572 3163; x_wconf 88' lang='lat' dir='ltr'><strong>Nullum</strong></span> <span class='ocrx_word' id='word_1_205' title='bbox 605 3097 704 3182; x_wconf 81' lang='lat' dir='ltr'><strong>igitur</strong></span> <span class='ocrx_word' id='word_1_206' title='bbox 736 3097 770 3162; x_wconf 92' lang='lat' dir='ltr'><strong>in</strong></span> <span class='ocrx_word' id='word_1_207' title='bbox 802 3095 995 3162; x_wconf 87' lang='lat' dir='ltr'><strong>Herodoteis</strong></span> <span class='ocrx_word' id='word_1_208' title='bbox 1025 3097 1119 3162; x_wconf 89' lang='lat' dir='ltr'><strong>libris</strong></span> <span class='ocrx_word' id='word_1_209' title='bbox 1148 3097 1342 3162; x_wconf 83' lang='lat' dir='ltr'><strong>vocabulum</strong></span> <span class='ocrx_word' id='word_1_210' title='bbox 1374 3095 1522 3178; x_wconf 79' lang='lat' dir='ltr'><strong>occurrit,</strong></span> 
     </span>
    </p>
   </div>
   <div class='ocr_carea' id='block_1_7' title="bbox 217 3201 1522 3289">
    <p class='ocr_par' dir='ltr' id='par_1_10' title="bbox 217 3201 1522 3289">
     <span class='ocr_line' id='line_1_26' title="bbox 217 3201 1522 3289; baseline -0.003 -20"><span class='ocrx_word' id='word_1_211' title='bbox 217 3202 219 3204; x_wconf 67' lang='grc'><strong>’</strong></span> <span class='ocrx_word' id='word_1_212' title='bbox 348 3205 435 3289; x_wconf 91' lang='lat' dir='ltr'><strong>quod</strong></span> <span class='ocrx_word' id='word_1_213' title='bbox 457 3203 665 3270; x_wconf 71' lang='lat' dir='ltr'><strong>Aristotelem</strong></span> <span class='ocrx_word' id='word_1_214' title='bbox 694 3203 850 3288; x_wconf 82' lang='lat' dir='ltr'><strong>frigidum</strong></span> <span class='ocrx_word' id='word_1_215' title='bbox 880 3206 1011 3286; x_wconf 83' lang='lat' dir='ltr'><strong>putasse</strong></span> <span class='ocrx_word' id='word_1_216' title='bbox 1041 3204 1170 3287; x_wconf 86' lang='lat' dir='ltr'><strong>probari</strong></span> <span class='ocrx_word' id='word_1_217' title='bbox 1197 3205 1309 3288; x_wconf 89' lang='lat' dir='ltr'><strong>possit.</strong></span> <span class='ocrx_word' id='word_1_218' title='bbox 1354 3201 1422 3267; x_wconf 80' lang='lat' dir='ltr'><strong>hut</strong></span> <span class='ocrx_word' id='word_1_219' title='bbox 1449 3203 1522 3266; x_wconf 86' lang='lat' dir='ltr'><strong>sim-</strong></span> 
     </span>
    </p>
   </div>
   <div class='ocr_carea' id='block_1_8' title="bbox 348 3308 1522 3397">
    <p class='ocr_par' dir='ltr' id='par_1_11' title="bbox 348 3308 1522 3397">
     <span class='ocr_line' id='line_1_27' title="bbox 348 3308 1522 3397; baseline -0.004 -20"><span class='ocrx_word' id='word_1_220' title='bbox 348 3312 423 3397; x_wconf 85' lang='lat' dir='ltr'><strong>plex</strong></span> <span class='ocrx_word' id='word_1_221' title='bbox 449 3312 598 3394; x_wconf 82' lang='lat' dir='ltr'><strong>verbum,</strong></span> <span class='ocrx_word' id='word_1_222' title='bbox 629 3311 714 3394; x_wconf 88' lang='lat' dir='ltr'><strong>quod</strong></span> <span class='ocrx_word' id='word_1_223' title='bbox 744 3311 829 3373; x_wconf 89' lang='lat' dir='ltr'><strong>idem</strong></span> <span class='ocrx_word' id='word_1_224' title='bbox 858 3308 1000 3394; x_wconf 85' lang='lat' dir='ltr'><strong>valebat,</strong></span> <span class='ocrx_word' id='word_1_225' title='bbox 1031 3309 1162 3373; x_wconf 89' lang='lat' dir='ltr'><strong>omnino</strong></span> <span class='ocrx_word' id='word_1_226' title='bbox 1192 3331 1259 3374; x_wconf 93' lang='lat' dir='ltr'><strong>non</strong></span> <span class='ocrx_word' id='word_1_227' title='bbox 1288 3313 1415 3392; x_wconf 87' lang='lat' dir='ltr'><strong>praesto</strong></span> <span class='ocrx_word' id='word_1_228' title='bbox 1446 3311 1522 3394; x_wconf 85' lang='lat' dir='ltr'><strong>eret,</strong></span> 
     </span>
    </p>
   </div>
   <div class='ocr_carea' id='block_1_9' title="bbox 348 3412 1745 3499">
    <p class='ocr_par' dir='ltr' id='par_1_12' title="bbox 348 3412 1745 3499">
     <span class='ocr_line' id='line_1_28' title="bbox 348 3412 1745 3499; baseline -0.007 -15"><span class='ocrx_word' id='word_1_229' title='bbox 348 3422 404 3484; x_wconf 90' lang='lat' dir='ltr'><strong>aut</strong></span> <span class='ocrx_word' id='word_1_230' title='bbox 426 3440 539 3484; x_wconf 83' lang='lat' dir='ltr'><strong>vocem</strong></span> <span class='ocrx_word' id='word_1_231' title='bbox 562 3438 623 3480; x_wconf 88' lang='lat' dir='ltr'><strong>usu</strong></span> <span class='ocrx_word' id='word_1_232' title='bbox 645 3417 756 3480; x_wconf 80' lang='lat' dir='ltr'><strong>tritam</strong></span> <span class='ocrx_word' id='word_1_233' title='bbox 784 3416 883 3479; x_wconf 84' lang='lat' dir='ltr'><strong>fuisse</strong></span> <span class='ocrx_word' id='word_1_234' title='bbox 910 3418 1053 3499; x_wconf 86' lang='lat' dir='ltr'><strong>apparet.</strong></span> <span class='ocrx_word' id='word_1_235' title='bbox 1098 3412 1130 3478; x_wconf 77' lang='lat' dir='ltr'>A</span> <span class='ocrx_word' id='word_1_236' title='bbox 1153 3414 1329 3499; x_wconf 89' lang='lat' dir='ltr'><strong>sophistico</strong></span> <span class='ocrx_word' id='word_1_237' title='bbox 1356 3415 1414 3480; x_wconf 86' lang='lat' dir='ltr'><strong>illo</strong></span> <span class='ocrx_word' id='word_1_238' title='bbox 1438 3437 1522 3479; x_wconf 92' lang='lat' dir='ltr'><strong>com·</strong></span> <span class='ocrx_word' id='word_1_239' title='bbox 1639 3460 1643 3465; x_wconf 85' lang='lat'>-</span> <span class='ocrx_word' id='word_1_240' title='bbox 1743 3452 1745 3455; x_wconf 95' lang='lat'>-</span> 
     </span>
    </p>
   </div>
   <div class='ocr_carea' id='block_1_10' title="bbox 347 3520 1522 3818">
    <p class='ocr_par' dir='ltr' id='par_1_13' title="bbox 347 3520 1522 3818">
     <span class='ocr_line' id='line_1_29' title="bbox 348 3520 1522 3611; baseline -0.006 -20"><span class='ocrx_word' id='word_1_241' title='bbox 348 3527 527 3611; x_wconf 88' lang='lat' dir='ltr'><strong>positorum</strong></span> <span class='ocrx_word' id='word_1_242' title='bbox 555 3523 726 3588; x_wconf 88' lang='lat' dir='ltr'><strong>verborum</strong></span> <span class='ocrx_word' id='word_1_243' title='bbox 756 3523 843 3587; x_wconf 92' lang='lat' dir='ltr'><strong>cultu</strong></span> <span class='ocrx_word' id='word_1_244' title='bbox 874 3522 990 3604; x_wconf 87' lang='lat' dir='ltr'><strong>effuse,</strong></span> <span class='ocrx_word' id='word_1_245' title='bbox 1020 3543 1114 3604; x_wconf 89' lang='lat' dir='ltr'><strong>quem</strong></span> <span class='ocrx_word' id='word_1_246' title='bbox 1146 3520 1423 3606; x_wconf 87' lang='lat' dir='ltr'><strong>dithyramborum</strong></span> <span class='ocrx_word' id='word_1_247' title='bbox 1453 3543 1522 3586; x_wconf 87' lang='lat' dir='ltr'><strong>esse</strong></span> 
     </span>
     <span class='ocr_line' id='line_1_30' title="bbox 347 3625 1522 3716; baseline -0.005 -20"><span class='ocrx_word' id='word_1_248' title='bbox 347 3632 513 3716; x_wconf 90' lang='lat' dir='ltr'><strong>proprium</strong></span> <span class='ocrx_word' id='word_1_249' title='bbox 538 3633 570 3693; x_wconf 91' lang='lat' dir='ltr'><strong>et</strong></span> <span class='ocrx_word' id='word_1_250' title='bbox 592 3630 785 3713; x_wconf 78' lang='lat' dir='ltr'><strong>peculiarem</strong></span> <span class='ocrx_word' id='word_1_251' title='bbox 806 3625 998 3692; x_wconf 88' lang='lat' dir='ltr'><strong>Aristoteles</strong></span> <span class='ocrx_word' id='word_1_252' title='bbox 1022 3627 1195 3710; x_wconf 82' lang='lat' dir='ltr'><strong>contendit,</strong></span> <span class='ocrx_word' id='word_1_253' title='bbox 1218 3627 1434 3693; x_wconf 85' lang='lat' dir='ltr'><strong>Herodoteam</strong></span> <span class='ocrx_word' id='word_1_254' title='bbox 1458 3627 1522 3690; x_wconf 93' lang='lat' dir='ltr'><strong>dic-</strong></span> 
     </span>
     <span class='ocr_line' id='line_1_31' title="bbox 347 3736 876 3818; baseline -0.009 -15"><span class='ocrx_word' id='word_1_255' title='bbox 347 3740 469 3803; x_wconf 88' lang='lat' dir='ltr'><strong>tionem</strong></span> <span class='ocrx_word' id='word_1_256' title='bbox 492 3757 604 3800; x_wconf 86' lang='lat' dir='ltr'><strong>vacere</strong></span> <span class='ocrx_word' id='word_1_257' title='bbox 627 3736 662 3798; x_wconf 91' lang='lat' dir='ltr'><strong>in</strong></span> <span class='ocrx_word' id='word_1_258' title='bbox 684 3739 795 3818; x_wconf 76' lang='lat' dir='ltr'><strong>aperto</strong></span> <span class='ocrx_word' id='word_1_259' title='bbox 819 3738 876 3798; x_wconf 89' lang='lat' dir='ltr'><strong>est.</strong></span> 
     </span>
    </p>
   </div>
   <div class='ocr_carea' id='block_1_11' title="bbox 757 3964 1113 4040">
    <p class='ocr_par' dir='ltr' id='par_1_14' title="bbox 757 3964 1113 4040">
     <span class='ocr_line' id='line_1_32' title="bbox 757 3964 1113 4040; baseline 0.006 -14"><span class='ocrx_word' id='word_1_260' title='bbox 757 3964 786 4027; x_wconf 80' lang='lat'><strong>2.</strong></span> <span class='ocrx_word' id='word_1_261' title='bbox 818 3973 868 4028; x_wconf 88' lang='lat' dir='ltr'><strong>De</strong></span> <span class='ocrx_word' id='word_1_262' title='bbox 892 3972 1113 4040; x_wconf 77' lang='lat' dir='ltr'><strong>glossematis.</strong></span> 
     </span>
    </p>
   </div>
   <div class='ocr_carea' id='block_1_12' title="bbox 347 4101 1521 4407">
    <p class='ocr_par' dir='ltr' id='par_1_15' title="bbox 347 4101 1521 4407">
     <span class='ocr_line' id='line_1_33' title="bbox 437 4101 1521 4190; baseline -0.006 -19"><span class='ocrx_word' id='word_1_263' title='bbox 437 4105 628 4171; x_wconf 87' lang='lat' dir='ltr'><strong>Aristoteles</strong></span> <span class='ocrx_word' id='word_1_264' title='bbox 654 4106 675 4168; x_wconf 94' lang='lat' dir='ltr'><strong>l.</strong></span> <span class='ocrx_word' id='word_1_265' title='bbox 700 4127 718 4170; x_wconf 92' lang='lat' dir='ltr'><strong>c</strong></span> <span class='ocrx_word' id='word_1_266' title='bbox 748 4128 779 4190; x_wconf 87' lang='lat' dir='ltr'><strong>p.</strong></span> <span class='ocrx_word' id='word_1_267' title='bbox 801 4105 912 4170; x_wconf 74' lang='lat' dir='ltr'><strong>mooe</strong></span> <span class='ocrx_word' id='word_1_268' title='bbox 937 4106 954 4169; x_wconf 99' lang='grc'>7</span> <span class='ocrx_word' id='word_1_269' title='bbox 984 4105 1018 4168; x_wconf 90' lang='lat' dir='ltr'><strong>in</strong></span> <span class='ocrx_word' id='word_1_270' title='bbox 1044 4105 1131 4169; x_wconf 92' lang='lat' dir='ltr'><strong>huuc</strong></span> <span class='ocrx_word' id='word_1_271' title='bbox 1156 4101 1287 4166; x_wconf 90' lang='lat' dir='ltr'><strong>modum</strong></span> <span class='ocrx_word' id='word_1_272' title='bbox 1315 4101 1434 4186; x_wconf 84' lang='lat' dir='ltr'><strong>pergit:</strong></span> <span class='ocrx_word' id='word_1_273' title='bbox 1462 4105 1521 4185; x_wconf 91' lang='grc' dir='ltr'><strong>μία</strong></span> 
     </span>
     <span class='ocr_line' id='line_1_34' title="bbox 347 4199 1520 4298; baseline -0.007 -20"><span class='ocrx_word' id='word_1_274' title='bbox 347 4209 409 4296; x_wconf 66' lang='grc' dir='ltr'><strong>μὲν</strong></span> <span class='ocrx_word' id='word_1_275' title='bbox 432 4208 495 4278; x_wconf 83' lang='grc' dir='ltr'><strong>οὖν</strong></span> <span class='ocrx_word' id='word_1_276' title='bbox 518 4211 599 4295; x_wconf 82' lang='grc' dir='ltr'><strong><em>αὕτη</em></strong></span> <span class='ocrx_word' id='word_1_277' title='bbox 624 4213 722 4296; x_wconf 72' lang='grc' dir='ltr'><strong><em>αἰτία,</em></strong></span> <span class='ocrx_word' id='word_1_278' title='bbox 745 4210 804 4294; x_wconf 84' lang='grc' dir='ltr'><strong><em>μὶοι</em></strong></span> <span class='ocrx_word' id='word_1_279' title='bbox 827 4209 864 4277; x_wconf 77' lang='lat' dir='ltr'><strong>dl</strong></span> <span class='ocrx_word' id='word_1_280' title='bbox 888 4215 925 4279; x_wconf 89' lang='grc' dir='ltr'><strong>τὸ</strong></span> <span class='ocrx_word' id='word_1_281' title='bbox 949 4201 1093 4298; x_wconf 76' lang='grc' dir='ltr'><strong><em>χρῆσθαι</em></strong></span> <span class='ocrx_word' id='word_1_282' title='bbox 1116 4211 1291 4294; x_wconf 83' lang='grc' dir='ltr'><strong><em>χλώττοιις,</em></strong></span> <span class='ocrx_word' id='word_1_283' title='bbox 1315 4199 1389 4273; x_wconf 84' lang='grc' dir='ltr'><strong><em>οἷον</em></strong></span> <span class='ocrx_word' id='word_1_284' title='bbox 1412 4208 1520 4271; x_wconf 88' lang='grc' dir='ltr'><strong><em>Λυκό-</em></strong></span> 
     </span>
     <span class='ocr_line' id='line_1_35' title="bbox 350 4311 1521 4407; baseline -0.006 -22"><span class='ocrx_word' id='word_1_285' title='bbox 350 4344 447 4407; x_wconf 92' lang='grc' dir='ltr'><strong><em>φρων</em></strong></span> <span class='ocrx_word' id='word_1_286' title='bbox 470 4317 595 4405; x_wconf 75' lang='grc' dir='ltr'><strong><em>Ξέρξην</em></strong></span> <span class='ocrx_word' id='word_1_287' title='bbox 624 4319 775 4405; x_wconf 86' lang='grc' dir='ltr'><strong><em>πέλωρον</em></strong></span> <span class='ocrx_word' id='word_1_288' title='bbox 803 4321 920 4406; x_wconf 77' lang='grc' dir='ltr'><strong><em>ἄνδρα,</em></strong></span> <span class='ocrx_word' id='word_1_289' title='bbox 954 4321 1009 4384; x_wconf 82' lang='grc' dir='ltr'><strong>καλ</strong></span> <span class='ocrx_word' id='word_1_290' title='bbox 1037 4320 1172 4403; x_wconf 91' lang='grc' dir='ltr'><strong><em>Σκίρων</em></strong></span> <span class='ocrx_word' id='word_1_291' title='bbox 1200 4320 1308 4392; x_wconf 90' lang='grc' dir='ltr'><strong><em>σίννις</em></strong></span> <span class='ocrx_word' id='word_1_292' title='bbox 1335 4313 1434 4400; x_wconf 77' lang='grc' dir='ltr'><strong><em>ἀνήρ,</em></strong></span> <span class='ocrx_word' id='word_1_293' title='bbox 1466 4311 1521 4378; x_wconf 77' lang='grc' dir='ltr'><strong>καί</strong></span> 
     </span>
    </p>
   </div>
   <div class='ocr_carea' id='block_1_13' title="bbox 348 4507 1521 4676">
    <p class='ocr_par' dir='ltr' id='par_1_16' title="bbox 348 4507 1521 4676">
     <span class='ocr_line' id='line_1_36' title="bbox 439 4507 1521 4586; baseline -0.009 -17"><span class='ocrx_word' id='word_1_294' title='bbox 439 4517 464 4586; x_wconf 88' lang='grc'><strong>1)</strong></span> <span class='ocrx_word' id='word_1_295' title='bbox 488 4513 522 4568; x_wconf 85' lang='lat' dir='ltr'><strong>cf.</strong></span> <span class='ocrx_word' id='word_1_296' title='bbox 546 4507 782 4582; x_wconf 77' lang='lat' dir='ltr'><strong>thner-Gerth,</strong></span> <span class='ocrx_word' id='word_1_297' title='bbox 806 4512 916 4568; x_wconf 83' lang='lat' dir='ltr'><strong>Gricch.</strong></span> <span class='ocrx_word' id='word_1_298' title='bbox 936 4509 1112 4566; x_wconf 82' lang='lat' dir='ltr'><strong>Grammatik</strong></span> <span class='ocrx_word' id='word_1_299' title='bbox 1134 4509 1180 4563; x_wconf 89' lang='lat' dir='ltr'><strong>III.</strong></span> <span class='ocrx_word' id='word_1_300' title='bbox 1200 4507 1242 4563; x_wconf 87' lang='lat' dir='ltr'><strong>ed.</strong></span> <span class='ocrx_word' id='word_1_301' title='bbox 1272 4507 1418 4576; x_wconf 84' lang='lat' dir='ltr'><strong>v01.111,</strong></span> <span class='ocrx_word' id='word_1_302' title='bbox 1443 4510 1521 4575; x_wconf 78' lang='lat'><strong>1898,</strong></span> 
     </span>
     <span class='ocr_line' id='line_1_37' title="bbox 348 4611 513 4676; baseline -0.018 -15"><span class='ocrx_word' id='word_1_303' title='bbox 348 4625 375 4676; x_wconf 93' lang='lat' dir='ltr'><strong>p.</strong></span> <span class='ocrx_word' id='word_1_304' title='bbox 392 4611 442 4660; x_wconf 77' lang='lat'><strong>277</strong></span> <span class='ocrx_word' id='word_1_305' title='bbox 453 4621 513 4674; x_wconf 84' lang='lat' dir='ltr'><strong>sqq.</strong></span> 
     </span>
    </p>
   </div>
   <div class='ocr_carea' id='block_1_14' title="bbox 0 0 1760 5325">
    <p class='ocr_par' dir='ltr' id='par_1_17' title="bbox 0 0 1760 5325">
     <span class='ocr_line' id='line_1_38' title="bbox 0 0 1760 5325; baseline 0 0"><span class='ocrx_word' id='word_1_306' title='bbox 0 0 1760 5325; x_wconf 95' lang='lat' dir='ltr'><strong> </strong></span> 
     </span>
    </p>
   </div>
  </div>
 </body>
</html>
