3509 5325
802 476 1026 543 „62-

330 627 475 722 quamvis
499 638 542 703 sit
565 637 746 724 conspicua,
768 637 1053 703 homoeoteleuton
1071 642 1157 702 certe
1175 658 1241 701 non
1264 641 1322 721 est,
1345 636 1504 722 siquidem

329 744 522 811 vocabulum
545 755 631 810 τοῖσι
655 747 837 811 κακίστοισι
864 766 932 810 non
958 746 992 809 in
1020 749 1156 810 exeunte
1183 743 1254 809 colo
1280 746 1423 829 positum
1446 749 1503 810 est.

329 852 368 917 cf.
387 849 521 917 Aristot.
539 854 559 915 l.
580 873 605 917 c.
624 874 655 935 p.
672 851 782 916 1410a
805 850 848 914 24
871 854 1095 937 παρομοίωσις
1123 850 1154 915 d’
1177 850 1235 916 ἐὰν
1264 852 1362 937 ὅμοια
1389 853 1430 918 τὰ
1453 856 1504 918 ἔσ-

331 982 412 1042 χατα
436 961 492 1042 ἔχῃ
517 956 672 1042 ἑκάτερον
694 960 731 1023 τὸ
755 963 872 1023 κῶλον.

418 1062 467 1129 IV
480 1064 533 1145 46,
550 1065 591 1129 13
616 1068 732 1144 ζῶντες
755 1065 798 1149 μὴ
822 1061 878 1131 ἀπ’
901 1065 1023 1151 ἀρότου
1046 1062 1120 1130 ἀλλ’
1142 1064 1206 1131 ἀπὸ
1229 1064 1388 1149 κτηνέων,
1416 1068 1506 1151 οἰκή-

329 1172 415 1255 ματά
436 1194 470 1237 νε
494 1189 553 1257 σφι
576 1164 597 1258 ᾖ
622 1169 675 1237 ἐπὶ
699 1170 850 1255 ζευγέων.

419 1365 528 1431 Solam
564 1368 664 1452 igitur
696 1366 954 1451 paronomasiam
986 1390 1068 1452 quae
1104 1368 1139 1433 in
1176 1370 1341 1434 communi
1377 1392 1504 1454 quoque

331 1472 523 1539 Graecorum
547 1475 691 1539 oratione
713 1476 904 1560 pervulgata
927 1479 988 1559 est,
1015 1474 1217 1540 Herodotum
1246 1476 1389 1541 crebrius
1416 1498 1506 1540 usur-

329 1602 422 1664 passe
441 1580 588 1646 vidimus.
626 1578 899 1646 Contrarationis
919 1604 982 1665 qua
997 1580 1132 1668 Gorgias
1151 1582 1207 1646 illa
1225 1604 1303 1647 usus
1326 1586 1376 1648 est
1393 1583 1505 1669 figura,

329 1687 419 1751 nulla
451 1688 535 1771 apud
568 1710 640 1753 eum
672 1687 811 1774 vestigia
841 1687 937 1752 nobis
970 1690 1191 1775 occurrebant3
1225 1687 1377 1776 Gorgiam
1406 1689 1506 1775 igitur

331 1799 415 1859 certe
444 1816 509 1859 non
540 1798 588 1860 est
622 1794 776 1860 imitatus.
828 1794 966 1860 Restant
999 1818 1159 1880 perpauca
1190 1795 1442 1861 homoeoteleuti
1474 1800 1507 1859 et

329 1902 510 1985 pareohesis
534 1901 692 1986 exempla,
720 1901 837 1985 quibus
866 1902 905 1966 de
931 1902 1045 1988 figuris
1074 1908 1196 1968 eertum
1218 1903 1288 1968 fieri
1311 1924 1377 1968 non
1400 1903 1507 1987 potuit

330 2008 492 2075 iudicium.
539 2006 627 2086 Quae
655 2010 683 2073 si
711 2008 784 2092 quis
807 2008 1009 2074 Herodotum
1033 2032 1052 2073 a
1075 2009 1230 2093 sophistis
1258 2009 1407 2074 didicisse
1435 2030 1508 2074 oon-

331 2114 478 2199 tenderit,
502 2137 567 2179 non
589 2116 692 2179 habeo
716 2116 802 2199 quod
824 2117 1049 2200 respondeam,
1071 2117 1135 2181 nisi
1156 2116 1240 2181 forte
1263 2118 1355 2181 haee:
1382 2115 1507 2201 Legun-

331 2227 385 2286 tur
414 2222 488 2285 iilae
517 2223 638 2308 figurae
671 2222 736 2285 iam
768 2226 842 2287 ante
871 2220 1010 2309 Gorgiae
1041 2228 1187 2307 tempora
1218 2223 1304 2307 apud
1336 2223 1507 2307 scriptores

332 2330 477 2411 quamvis
508 2329 681 2394 admodum
710 2351 791 2394 raro.
839 2326 976 2416 Gorgiae
1006 2330 1107 2415 igitur
1134 2331 1237 2396 oratio
1267 2329 1350 2394 nihil
1377 2352 1397 2393 a
1424 2350 1508 2393 com-

331 2436 422 2499 muni
456 2437 572 2518 prioris
607 2436 721 2501 aetatis
754 2436 948 2520 scriptorum
979 2460 1040 2502 usu
1072 2437 1192 2522 differt,
1227 2437 1291 2503 nisi
1325 2435 1410 2521 quod
1442 2435 1507 2498 illis

332 2543 445 2629 figuris
468 2542 632 2608 redundat.
673 2541 787 2627 Itaque
810 2542 1013 2609 Herodotum
1037 2544 1093 2628 qui
1117 2545 1162 2608 eis
1185 2543 1299 2631 figuris
1322 2542 1508 2627 parcissime

332 2651 428 2715 modo
452 2673 528 2715 usus
553 2654 611 2734 est,
633 2652 818 2735 propiorem
842 2645 911 2717 esse
935 2674 1031 2736 quam
1051 2649 1191 2738 Gorgiae
1210 2651 1323 2716 ceteris
1347 2648 1509 2735 scriptori-

332 2758 393 2821 bus
416 2763 556 2841 apparet.
601 2756 676 2823 Huc
699 2759 821 2823 accedit
843 2759 931 2843 quod
958 2759 992 2822 in
1016 2759 1165 2823 omnibus
1193 2758 1365 2842 eloquendi
1388 2756 1509 2842 generi-

332 2865 406 2947 bus,
436 2886 574 2948 quorum
602 2868 689 2929 certa
718 2865 857 2950 insignia
885 2885 1076 2950 cognoscere
1106 2866 1285 2950 potuimus,
1315 2864 1508 2947 usurpandis

332 2969 516 3038 Herodotus
540 2971 758 3055 sophistarum
780 2973 917 3057 vestigia
941 2975 1026 3036 certe
1053 2995 1118 3036 non
1145 2976 1332 3056 persecutus
1356 2976 1413 3036 est.
1458 2969 1509 3034 Ne

333 3079 591 3162 paronomasiam
611 3079 776 3162 quideme
797 3077 935 3164 Gorgiae
954 3079 1184 3144 consuetudine
1203 3079 1347 3162 sumpsit.
1386 3076 1509 3153 Quibus

334 3185 483 3250 omnibus
507 3186 647 3268 permoti
669 3185 726 3250 illa
747 3207 908 3269 perpauca
926 3186 1081 3250 orationis
1104 3186 1228 3250 lumina
1246 3186 1434 3269 scriptorem
1453 3206 1510 3247 sua

334 3295 457 3376 sponte,
480 3313 545 3357 non
570 3289 722 3378 Gorgiam
745 3293 907 3358 imitatum
932 3294 1091 3358 invenisse
1115 3292 1335 3358 concedamus.

423 3629 533 3696 Etiam
556 3631 590 3694 in
613 3630 726 3717 figuris
746 3628 893 3717 Gorgieis
916 3631 1109 3715 usurpandis
1127 3628 1330 3694 Herodotum
1353 3628 1511 3713 sophista-

335 3759 407 3800 rum
429 3738 567 3822 vestigia
588 3759 654 3801 non
677 3737 832 3802 institisse
856 3737 1083 3803 intelleximus.
1120 3735 1208 3814 Quae
1228 3738 1351 3822 figurae
1371 3733 1511 3821 Gorgiae

335 3843 436 3926 ipsius
459 3844 659 3927 temporibus
682 3848 837 3909 nontam
859 3866 962 3910 novae
985 3848 1075 3909 erant
1102 3848 1135 3908 et
1162 3844 1338 3926 inauditae,
1365 3845 1403 3906 ut
1424 3845 1511 3905 certa

337 3948 494 4036 Gorgieae
518 3950 667 4015 dictionis
691 3951 832 4038 insignia
851 3975 918 4016 non
937 3951 1117 4036 quaerenda
1135 3954 1250 4034 essent,
1274 3949 1391 4033 quibus
1410 3947 1511 4012 Hero

337 4056 406 4120 doti
430 4057 607 4121 orationem
634 4079 766 4141 prorsus
789 4081 903 4124 vacare
930 4059 1069 4143 patebat.
1116 4055 1178 4133 Qui
1205 4077 1310 4139 neque
1337 4055 1511 4120 contrario-

335 4184 407 4225 rum
439 4161 575 4227 aiterum
607 4164 701 4228 colon
736 4165 831 4248 plane
868 4185 1138 4249 supervacaneum
1171 4161 1384 4247 oppositionis
1417 4183 1511 4226 causa
1611 4236 1614 4241 Ι

337 4269 453 4336 adiecit
482 4273 539 4334 aut
567 4271 664 4334 verba
692 4292 759 4335 non
790 4271 941 4355 opposita
970 4271 1055 4335 inter
1087 4291 1121 4335 sc
1150 4271 1184 4334 in
1216 4268 1384 4334 antithetis
1415 4267 1511 4334 collo-

337 4377 435 4460 cavit,
470 4398 575 4460 neque
606 4377 727 4442 isocola
758 4377 844 4442 ultra
875 4377 1007 4441 modum
1039 4376 1239 4443 coacervavit
1270 4379 1326 4441 aut
1355 4375 1513 4440 vocabula

337 4483 478 4566 inutilia,
509 4487 547 4546 ut
573 4484 644 4548 oola
671 4487 877 4568 exaequaret,
909 4483 1068 4567 adiunxit,
1100 4483 1178 4567 quin
1207 4484 1304 4548 etiam
1331 4481 1418 4546 haud
1440 4500 1511 4546 raro

337 4590 555 4653 membrorum
578 4589 804 4674 aequalitatem
826 4590 942 4655 vitavit
964 4591 1073 4674 potius
1096 4612 1193 4674 quam
1217 4589 1382 4674 quaesivit.
1423 4587 1512 4652 Idem
