3509 5325
718 446 938 515 ,ης-

327 608 507 697 Hippiae:
539 620 597 692 τῆς
624 634 658 675 τε
683 607 842 687 Ἑλλάδος
869 612 917 686 είς
943 609 1025 675 αύτὸ
1052 609 1090 674 τὸ
1123 618 1326 693 πρυτανείου
1357 616 1414 695 τῆς

239 722 358 804 σοφίας
380 717 463 783 Plat.
481 717 568 783 Prot
587 739 618 801 p.
638 715 752 781 3371).

328 824 459 909 ἐφεῖναι
480 822 535 889 καὶ
558 823 697 908 χαλάσαι
721 823 779 900 τάς
801 821 896 906 ἡνίας
918 832 988 899 τοίς
1010 823 1122 904 λόγοις
1145 818 1260 886 338a

327 929 435 997 πάντα
463 932 575 995 κάλων
603 928 808 1013 ἐκτείναντα,
840 929 938 1016 ούρίφ
967 926 1102 1013 ἐφίντα,
1134 928 1273 1012 φεύγειν
1302 928 1350 1004 είς
1376 929 1413 994 τὸ

240 1036 382 1121 πέλαγος
403 1048 470 1103 τῶν
493 1040 614 1121 λόγων,
636 1034 874 1122 ἀποκρύψαντα
897 1044 961 1119 γῆν
983 1034 1059 1099 ibin

326 1142 598 1229 Antiphontis:
621 1140 722 1227 μέγας
744 1143 807 1228 γάρ
826 1140 919 1227 ἀγών
937 1142 1040 1227 γάμος
1058 1139 1227 1230 ἀνθρώπῳ
1244 1141 1306 1227 fig.
1320 1139 1364 1205 49
1374 1140 1415 1225 D,

242 1250 303 1317 131
319 1249 368 1316 Bl

329 1358 523 1443 φροντίδων
548 1357 613 1441 ἤδη
641 1355 747 1421 πάντα
778 1353 862 1421 πλέα
893 1352 948 1421 καὶ
980 1354 1137 1441 ἐξοίχεται
1168 1355 1206 1420 τὸ
1239 1357 1413 1438 νεοτησιον

241 1468 402 1550 σκίρτημα
426 1462 462 1529 ἐκ
484 1472 542 1547 της
563 1463 697 1548 γνώμης
719 1462 796 1529 ibid.

330 1569 367 1637 ἐν
389 1569 454 1660 νέφ
478 1571 604 1654 σώματι
627 1570 708 1635 όταν
730 1593 780 1646 τις
801 1570 863 1652 τὴν
886 1569 1061 1635 παίδευσιν
1083 1570 1241 1653 γενναίαν
1260 1566 1414 1653 έναρόση,

241 1682 277 1764 ζῇ
309 1686 408 1743 τοῦτο
440 1674 495 1743 καὶ
527 1676 647 1741 θάλλει
680 1676 735 1741 διά
767 1676 890 1753 παντὸς
920 1686 981 1741 τοῦ
1013 1677 1106 1758 βίου,
1137 1673 1192 1739 καὶ
1223 1676 1305 1741 αὐτὸ
1339 1675 1414 1739 ούτε

241 1787 365 1872 ὄμβρος
387 1785 463 1851 ούτε
486 1782 650 1869 άνομβρία
673 1781 859 1868 ἀφαιρεῖται
882 1782 943 1868 frg.
963 1781 1007 1846 60
1015 1781 1056 1866 D,
1076 1780 1140 1846 134
1153 1779 1201 1846 Bl

330 1890 495 1978 Gorgiae
508 1912 581 1956 oum
592 1888 857 1955 translationibus
866 1888 907 1953 ab
917 1886 1092 1954 Aristotele
1100 1888 1234 1973 prolatis
1244 1889 1284 1953 af.
1293 1886 1417 1954 Aristo-

240 1998 356 2085 phanis
370 1996 429 2063 Av.
443 1996 527 2062 1697
549 2000 582 2063 οἳ
594 2000 788 2082 θερίζουσίν
802 2019 836 2062 τε
855 1994 910 2061 καὶ
925 2000 1098 2080 σπείρουσι
1115 1993 1170 2059 καὶ
1184 2007 1327 2079 τρυγῶσι
1345 2007 1417 2071 ταῖς

241 2106 417 2188 γλώτταισι
436 2106 618 2183 συκάζουσί
632 2126 685 2187 τε,
706 2101 851 2168 Platonis
869 2100 1054 2186 Phaedr.·p.
1065 2098 1206 2166 26001)
1225 2105 1323 2168 ποῖόν
1342 2125 1417 2166 τινα

242 2219 304 2277 οίει
323 2212 403 2296 μετὰ
421 2220 524 2276 ταῦτα
542 2212 604 2294 τὴν
621 2210 799 2296 ῥητορικὴν
818 2211 945 2296 καρπὸν
960 2204 1007 2274 ών
1027 2211 1155 2294 ἔσπειρε
1174 2211 1327 2293 θερίζειν.
1354 2207 1416 2272 De-

243 2318 375 2384 metrius
394 2315 470 2404 περὶ
489 2314 559 2402 ἑρμ.
578 2317 642 2381 116
666 2317 794 2401 scripsit
814 2316 975 2402 τρέμοντα
993 2312 1048 2380 καὶ
1067 2314 1157 2400 ὠχρὰ
1175 2315 1214 2382 τὰ
1232 2314 1416 2399 πράγματα.

332 2423 455 2509 Ξέρξης
477 2423 495 2490 δ
519 2433 585 2488 τῶν
609 2428 750 2508 Περσῶν
775 2425 860 2501 Ζεύς
882 2422 942 2509 frg.
964 2421 1045 2487 181)
1066 2421 1108 2486 14
1118 2419 1149 2486 S.

331 2542 434 2615 γῦπες
456 2533 599 2616 ἐμφυχοι
621 2530 720 2615 τάφοι
742 2528 818 2594 ibid.

333 2640 370 2705 ἓν
393 2650 459 2704 τῶν
483 2637 661 2722 δραμάτων
688 2636 792 2703 αὐτοῦ
819 2640 940 2723 μεστὸν
957 2635 1072 2724 ’Ἀρεος
1099 2633 1199 2722 εἶναι,
1222 2640 1299 2714 τοὺς
1317 2634 1416 2702 Ἑπτά

244 2744 297 2811 ἐπὶ
319 2748 431 2831 Θήβας
453 2745 512 2832 frg.
533 2744 615 2809 241)
635 2744 678 2809 22
689 2743 720 2810 S.

333 2852 394 2918 οὐκ
421 2854 550 2936 άπειροι
584 2853 659 2916 ούτε
688 2852 837 2936 ἐμφύτου
855 2849 973 2936 Ἄρεος
1000 2852 1076 2918 οὔτε
1107 2854 1258 2935 νομίμων
1287 2851 1418 2936 ἐρώτων

244 2958 319 3024 ούτε
344 2958 501 3024 ἐνοπλίου
524 2958 636 3042 ἔριδος
658 2959 735 3024 ούτε
756 2958 941 3043 φιλοκάλου
963 2960 1097 3042 εἰρήνης
1119 2959 1180 3045 frg.
1199 2957 1259 3022 61)
1278 2957 1340 3024 5S.

333 3065 439 3142 οὕτως
461 3063 621 3150 ἀπέσβεσε
648 3060 703 3128 καὶ
731 3062 888 3146 ἐξήλασεν
911 3063 930 3130 δ
953 3066 1057 3149 φόβος
1084 3066 1252 3147 τὸνόημα
1274 3063 1346 3129 Hel
1368 3064 1418 3129 ll.

332 3171 353 3254 ἡ
378 3167 414 3236 δλ
438 3170 494 3259 (aa
519 3171 599 3250 δόξα
622 3169 755 3258 αἰσχρά)
779 3179 824 3260 τῷ
848 3173 911 3260 βίφ
933 3172 1033 3248 νόσος
1054 3169 1121 3235 Pal.
1141 3171 1192 3236 35.
1235 3171 1274 3236 of.
1294 3193 1318 3236 s.
1341 3171 1418 3236 Pro·

246 3282 377 3365 tagorae
400 3278 498 3344 verba
520 3279 564 3356 ώς
586 3280 690 3344 νόσον
711 3281 848 3356 πόλεως.

333 3455 402 3522 lam
421 3456 637 3541 quaerendum
661 3459 709 3521 est
726 3479 804 3522 num
824 3456 911 3542 apud
932 3455 1169 3523 Herodotum
1192 3457 1418 3522 translationes

245 3563 333 3629 illius
356 3564 482 3650 generis
505 3563 719 3650 inveniamus,
747 3586 828 3648 quae
855 3564 908 3629 vel
935 3563 1033 3629 altius
1062 3565 1217 3650 repetitae
1243 3564 1296 3629 vel
1321 3563 1418 3628 nimis

246 3670 386 3757 tragicae
408 3667 617 3756 videantur).
662 3669 913 3737 Praetermissis·
925 3670 969 3736 eis
989 3694 1070 3756 quae
1089 3672 1186 3736 etiam
1205 3672 1239 3736 in
1258 3670 1418 3737 cotidiano

247 3775 440 3842 Graecorum
464 3799 609 3842 sermone
630 3776 785 3842 translata
808 3775 940 3864 erant²),
963 3779 1066 3845 multo
1089 3779 1191 3844 rarius
1215 3778 1300 3864 apud
1318 3777 1419 3843 Hero-

246 3884 356 3950 dotum
385 3883 483 3949 verba
509 3885 665 3949 translata
692 3884 785 3949 nobis
814 3906 979 3950 occurrere
1011 3908 1108 3969 quam
1140 3887 1175 3951 in
1202 3885 1419 3970 sophistarum

245 3990 391 4076 reliquiis
418 3989 506 4055 iflico
536 3994 675 4076 apparet.
722 3990 845 4055 Deinde
875 3993 1093 4076 sophistarum
1125 3991 1280 4057 translata
1312 3993 1420 4057 omnia

246 4098 312 4162 fere
343 4119 428 4163 nova
459 4101 491 4161 et
523 4097 667 4162 inaudita
698 4097 797 4163 fuisse
824 4098 978 4182 vidimus,
1005 4097 1189 4165 Herodotus
1221 4101 1419 4186 pervulgatis

338 4309 362 4376 1)
382 4306 591 4361 'I'ranalationes
609 4306 783 4363 Herodoteas
797 4309 972 4380 collegerunt
989 4310 1018 4364 P.
1029 4309 1141 4378 Heben,
1155 4309 1208 4364 Die
1222 4308 1360 4365 Rhetorilr
1373 4309 1420 4364 bei

246 4395 378 4451 Herodot.
407 4396 501 4468 Progr.
516 4396 688 4468 Lowenberg
701 4396 719 4451 i.
731 4397 804 4452 Schl.
821 4403 890 4452 1889
908 4417 936 4468 p.
947 4404 963 4453 6
974 4417 1013 4468 sq.
1034 4402 1063 4454 et
1082 4399 1272 4468 H.Bli¹1mner‚
1291 4397 1343 4453 Die
1361 4398 1421 4452 Me-

246 4485 348 4556 tapher
365 4484 413 4539 bei
430 4485 586 4541 Herodotos
605 4487 647 4541 in:
666 4486 844 4542 Fleckeisans
862 4487 958 4542 Jahrb.
977 4488 1103 4557 νο1.143,
1122 4493 1199 4556 1891,
1218 4506 1245 4557 p.
1257 4493 1272 4541 9
1283 4504 1343 4556 sqq.

338 4576 364 4643 2)
383 4573 419 4628 of.
437 4573 570 4630 Blumner
587 4575 605 4630 l.
621 4593 644 4631 ο.
663 4595 690 4646 p.
701 4581 717 4630 8
728 4594 768 4645 sq.
