3509 5325
790 418 1010 483 „40-

312 581 488 648 ornandam
511 581 695 647 adhibuisse
719 579 938 663 concedimus,
964 579 998 644 id
1021 579 1108 662 quod
1129 577 1278 643 nonnulli
1300 574 1484 661 philosophi

312 689 429 755 imitati
454 692 536 754 sunt.
585 686 647 753 Sed
675 688 768 751 initia
790 687 877 751 illius
901 686 1091 752 elocutionis
1118 685 1192 749 inde
1219 681 1391 769 repetenda
1417 704 1484 747 csse

311 801 477 883 putamus,
507 794 665 880 siquidem
695 792 883 878 philosophi
912 792 1072 878 principia
1101 791 1288 875 disciplinae
1316 812 1391 854 suae
1417 810 1485 853 csse
1608 863 1615 869 .

312 903 453 968 animata
482 901 543 966 sibi
573 900 815 985 persuadebant.
859 898 974 983 Itaque
1001 900 1107 985 figura
1135 899 1204 982 illa,
1233 900 1270 961 ut
1299 896 1346 961 ita
1375 896 1486 980 dicem,

312 1012 485 1096 personata
507 1029 573 1073 non
596 1007 751 1072 orationis
774 1008 885 1071 lumen
903 1008 980 1091 crat,
1003 1005 1060 1071 sed
1078 1003 1301 1090 philosophiae
1324 1003 1485 1087 placitum.

312 1116 514 1183 Universitas
537 1135 644 1179 rerum
670 1113 710 1176 ab
734 1112 884 1177 universa
911 1112 1049 1196 quadam
1072 1116 1179 1175 mente
1201 1110 1254 1177 vol
1276 1133 1295 1173 a
1316 1109 1388 1195 lege
1412 1131 1487 1192 qua-

313 1223 387 1289 dam
418 1221 568 1286 universa
598 1221 734 1306 regitur,
772 1241 869 1303 quam
902 1222 1043 1283 mentem
1074 1217 1127 1284 rel
1157 1220 1261 1303 legem
1293 1216 1487 1303 philosophi,

314 1350 517 1415 quocumque
544 1328 674 1392 nomine
702 1347 755 1391 eas
787 1325 1043 1410 appellavenmt,
1074 1325 1242 1391 hominum
1274 1323 1326 1389 vel
1357 1324 1488 1387 deorum

315 1438 416 1501 instar
439 1438 570 1521 agentes
594 1438 626 1497 11
649 1434 821 1497 sentientes
844 1433 998 1497 feserunt.

404 1541 528 1618 Quibus
551 1540 727 1625 perspectis
752 1539 833 1604 illud
861 1540 1057 1624 sophisticae
1084 1538 1240 1605 orationis
1268 1541 1488 1603 ornamentum

316 1673 334 1714 a
361 1648 517 1713 veteriora
550 1647 648 1711 etiam
679 1647 769 1711 fonte
803 1649 948 1730 repetere
983 1646 1103 1713 licebit.
1156 1645 1372 1731 Philosophos
1405 1644 1490 1708 enim

315 1754 451 1821 Hesiodi
478 1754 679 1836 aliorumque
706 1753 955 1838 theogoniarum
983 1755 1176 1838 scriptorum
1201 1752 1347 1837 vestigiis
1371 1752 1491 1837 ingres-

317 1884 369 1927 sos
400 1882 468 1925 esse
498 1860 562 1924 iam
592 1859 812 1924 indicavimus.
863 1858 933 1936 Qua
962 1883 997 1923 re
1026 1860 1185 1944 principia
1214 1860 1271 1924 illa
1299 1858 1492 1944 philosopha

316 1970 419 2033 vicem
450 1968 542 2051 quasi
571 1970 736 2051 praestant
765 1964 913 2046 deorum,
945 1988 1083 2049 quorum
1112 1967 1217 2031 forma
1246 1965 1492 2051 theogoniarum

316 2077 431 2159 poetae
453 2072 603 2138 notiones
627 2094 646 2136 a
669 2092 801 2156 corpore
825 2072 986 2137 seiunctas
1005 2077 1039 2136 et
1056 2072 1125 2138 sola
1147 2076 1255 2137 mente
1273 2070 1492 2157 percipiendas

318 2181 494 2244 induerant.
549 2177 588 2242 In
623 2178 740 2262 vulgus
776 2180 984 2263 pervulgatae
1024 2181 1099 2242 sunt
1139 2177 1301 2264 notiones,
1342 2200 1424 2261 quac
1459 2176 1492 2241 in

317 2285 479 2352 Hesiodi
516 2284 656 2351 carmine
692 2285 825 2349 deorum
862 2283 954 2366 quasi
990 2288 1097 2368 partes
1134 2289 1250 2370 agunt,
1286 2284 1386 2350 veluti
1418 2282 1492 2361 Νύξ

310 2392 408 2478 Ἔρος
434 2390 565 2476 Ἵμερος
596 2388 720 2476 Ἡμέρη
753 2395 882 2474 Μῶμος
916 2388 1019 2470 Ὀιζύς
1051 2386 1170 2474 Ἀπάτη
1210 2395 1352 2476 Φιλότης
1385 2394 1494 2476 [ἤρας

313 2496 403 2584 Ἔρις
426 2503 536 2582 Μῆτις
559 2498 685 2562 similia.

409 2603 527 2670 Contra
545 2625 650 2689 neque
667 2602 829 2669 Homerus
847 2625 952 2688 neque
970 2603 1132 2670 Hesiodus
1155 2605 1212 2670 illa
1232 2606 1344 2692 figura,
1366 2606 1403 2670 ut
1426 2626 1495 2669 ora-

319 2715 441 2778 tionem
465 2714 628 2794 0111111111,
655 2711 706 2774 usi
734 2707 850 2796 suntl).
896 2710 1003 2775 Pauca
1031 2714 1178 2796 exempla
1200 2712 1385 2796 Homerica,
1414 2734 1494 2796 quae

320 2820 511 2884 Aristoteles
540 2818 574 2880 in
601 2821 658 2881 art.
677 2817 757 2881 rhet.
776 2815 860 2881 LIII
881 2818 920 2881 11
941 2840 971 2901 p.
989 2817 1105 2882 1411b
1125 2818 1166 2882 31
1196 2819 1332 2904 profert,
1364 2819 1428 2884 iam
1458 2841 1495 2883 ea

320 2949 354 2990 re
373 2947 392 2988 a
411 2924 587 3009 sophistica
606 2923 750 2988 oratione
769 2924 931 3008 diffenmt,
952 2925 1038 3009 quod
1056 2923 1218 2992 Homerus
1236 2948 1287 2990 res
1305 2927 1377 2991 visu
1395 2929 1495 2990 tactu·

322 3055 384 3117 que
402 3031 598 3115 manifestas,
622 3053 703 3114 quae
723 3035 904 3097 commotae
922 3032 1029 3096 vivere
1047 3032 1206 3116 videntur,
1223 3032 1364 3098 humana
1382 3036 1497 3096 natura

321 3139 435 3220 induit,
458 3137 645 3221 philosophi
665 3141 697 3202 et
715 3138 877 3220 sophistae
895 3160 946 3202 res
965 3139 1156 3223 cogitationi
1179 3141 1307 3205 tantum
1329 3139 1495 3204 subiectas.

410 3242 573 3326 Mythicae
596 3244 744 3307 notiones
767 3243 937 3326 paullatim
962 3246 1192 3308 convertuntur
1214 3245 1249 3308 in
1271 3245 1426 3311 orationis
1449 3246 1496 3309 lu-

322 3350 422 3414 mina:
446 3349 586 3434 primum
611 3349 774 3432 epicorum
797 3348 997 3432 temporibus
1020 3348 1071 3413 dei
1093 3353 1220 3415 tantum
1243 3350 1305 3434 ipsi
1328 3353 1496 3418 hominum

323 3457 424 3520 instar
452 3458 553 3540 agunt
580 3459 612 3518 11
639 3455 830 3539 loquuntur;
860 3454 974 3518 deinde
1003 3455 1038 3518 in
1067 3455 1249 3542 theogoniis
1278 3459 1426 3523 notiones
1456 3458 1497 3522 ab

323 3564 470 3646 aspectus
503 3560 621 3624 iudicio
654 3564 794 3624 remotae
827 3561 860 3623 in
894 3560 1026 3622 deorum
1058 3583 1191 3628 numero
1223 3563 1396 3649 habentur3
1426 3569 1497 3629 tum

323 3666 510 3753 philosophi
538 3688 596 3749 pro
624 3666 688 3730 illis
718 3665 784 3729 deis
812 3665 972 3748 principia
999 3666 1240 3749 disciplinarum
1268 3692 1398 3734 suarum
1425 3671 1497 3736 sub-

326 3775 477 3849 stituunt,
506 3794 587 3855 quae
614 3771 685 3853 ipsa
709 3791 836 3852 quoque
863 3769 996 3834 deorum
1025 3772 1127 3836 instar
1156 3778 1270 3860 agunt3
1300 3777 1436 3860 denique
1466 3781 1498 3841 et

326 3878 512 3964 philosophi
542 3881 573 3941 et
605 3875 769 3959 sophistae
801 3876 961 3959 quaslibet
990 3879 1137 3943 notiones
1169 3881 1310 3945 humana
1342 3885 1499 3945 exornant

326 3985 439 4069 specie.
485 3983 572 4060 Quae
596 4003 669 4045 cum
697 3981 743 4046 ita
766 3982 830 4046 sint
852 3984 887 4048 in
910 3984 1177 4069 philosophorum
1199 3986 1389 4071 fragmentis
1411 3987 1498 4049 hand

325 4111 398 4153 raro
423 4089 500 4172 quid
523 4089 566 4153 sit
588 4109 681 4151 verus
705 4088 796 4173 deus,
824 4091 903 4174 quid
925 4091 1079 4156 orationis
1101 4092 1198 4156 modo
1222 4094 1366 4173 ornatus,
1388 4091 1443 4154 vix
1465 4093 1499 4153 et

418 4266 442 4334 1)
462 4263 496 4317 of.
517 4263 567 4316 Th.
583 4261 684 4333 Bergk,
704 4262 813 4319 Griech.
828 4265 1009 4321 Litt-Gesch.
1026 4267 1047 4334 Ι,
1068 4272 1145 4334 1872,
1163 4285 1190 4336 p.
1201 4271 1267 4336 8433
1288 4265 1321 4319 A.
1336 4265 1427 4333 Biese,
1446 4263 1499 4319 Die

327 4351 526 4422 Entwicklung
545 4352 594 4407 des
607 4351 810 4424 Naturgcflihls
829 4355 876 4409 bei
893 4354 919 4409 d.
935 4355 1156 4411 Griechen1882
1175 4374 1202 4425 p.
1215 4360 1248 4409 15
1258 4373 1318 4426 sqq.
1333 4354 1498 4410 Aristoteles

328 4458 378 4494 suo
397 4441 457 4496 iure
476 4443 550 4496 certe
569 4459 625 4496 non
644 4442 716 4496 dixit
738 4443 756 4496 l.
774 4461 797 4499 o.
821 4444 858 4508 ὡς
880 4443 1011 4515 κέχρηται
1033 4448 1173 4517 πολλαχοῦ
1190 4443 1317 4515 Ὅμηρος.
1354 4444 1500 4514 Perpetuos

328 4529 404 4586 enim
422 4530 550 4604 exempla
568 4531 718 4590 Homerica
736 4535 856 4602 exstant,
875 4533 964 4594 veluti
978 4538 1005 4595 A
1020 4539 1084 4610 1253
1102 4539 1194 4594 11174
1208 4560 1242 4585 .-
1258 4537 1284 4593 Ο
1298 4539 1362 4604 1117;
1383 4536 1407 4588 Φ
1422 4539 1463 4588 70.
