3509 5325
809 432 1029 509 -20—.

421 592 630 681 Antiphon.
667 602 784 673 δῶκας
806 597 953 663 πλούτου
975 596 1030 663 καὶ
1052 597 1153 682 τύχης
1174 599 1316 674 κόλακας
1336 595 1399 683 fig.
1414 594 1507 682 64D3

339 701 402 769 109
413 701 450 767 B.

423 808 599 895 χρημάτων
626 814 783 893 πλοῦτον,
812 810 999 895 oppositum
1024 809 1131 875 verbis
1154 820 1215 875 τοῦ
1237 819 1379 895 φρονεῖν
1399 814 1507 887 καλῶς

333 914 458 1000 πένητα
481 917 542 1001 frg.
556 914 651 1001 54D3
677 915 781 981 12813.

422 1038 592 1127 Gorgias.
639 1038 857 1127 ἀνθρώπινον
894 1037 931 1106 δὲ
963 1042 1000 1106 τὸ
1032 1043 1173 1125 θνητόν,
1211 1040 1371 1125 comparis
1403 1061 1505 1105 οοοοο.

333 1148 393 1233 frg.
409 1147 469 1212 6D
489 1146 552 1213 58.

422 1261 468 1341 τῷ
492 1259 646 1343 φρονίμῳ
669 1263 727 1338 τῆς
750 1256 884 1339 γνώμης
907 1253 983 1319 ibid.

422 1360 579 1426 ἐνοπλίου
603 1362 711 1447 ἔριδος
735 1360 810 1425 ibid.
836 1361 995 1446 eomparis
1019 1382 1128 1446 eausa3
1158 1359 1343 1444 φιλοκάλου
1366 1362 1506 1448 εἰρήνης.

422 1468 533 1552 χλωρδι
556 1465 611 1533 καὶ
633 1469 752 1551 ἔναιμα
774 1469 813 1533 τά
836 1468 1010 1552 πράγματα
1032 1467 1094 1553 frg.
1116 1465 1205 1533 161).
1221 1466 1253 1534 S.

424 1574 524 1657 φύσει
547 1570 603 1639 καὶ
625 1573 715 1657 γένει
732 1575 772 1639 τδι
790 1585 904 1661 πρῶτα
922 1584 989 1639 τῶν
1007 1576 1148 1658 πρώτιον
1166 1574 1301 1660 ἀνδρῶν
1318 1572 1374 1640 καί
1392 1599 1507 1659 γυναι·

334 1691 401 1746 κῶν
424 1678 445 1762 ή
469 1682 555 1765 γυνή
577 1679 649 1747 Hel.
669 1680 698 1745 3.

423 1788 458 1852 οί
487 1784 525 1852 δὲ
556 1788 723 1871 εὐγενείας
753 1792 894 1865 παλαιᾶς
925 1786 1091 1872 εὐδοξίαν,
1124 1788 1160 1853 οί
1188 1785 1226 1852 δὲ
1256 1787 1356 1872 άλκής
1383 1789 1507 1866 οίκείας

333 1893 471 1974 εὐεξίαν,
496 1895 532 1959 οί
552 1890 589 1959 δὲ
613 1898 733 1979 σοφίας
756 1893 931 1977 ἐπικτήτου
955 1894 1100 1978 δύναμιν
1123 1896 1221 1980 ἔσχον
1242 1892 1315 1959 Hel.
1334 1894 1364 1959 4.

422 2004 575 2078 πλείστας
598 1996 635 2065 δὲ
657 2005 822 2078 πλείστοις
845 1999 1024 2085 ἐπιθυμίας
1047 2003 1169 2085 ἔρωτος
1190 1999 1262 2065 Hel.
1280 2002 1311 2065 4.

422 2105 477 2173 ὐπ’
506 2104 627 2190 ἔρωτός
649 2130 684 2172 τε
707 2110 886 2191 φιλονίκου
909 2111 1098 2192 φιλοτιμίας
1119 2130 1154 2173 τε
1178 2106 1336 2193 ἀνικήτου
1359 2106 1431 2172 Hei
1448 2106 1479 2172 4.

423 2212 477 2279 καὶ
510 2217 612 2299 φρίκη
643 2218 827 2300 περίφοβος
858 2212 913 2279 καὶ
945 2216 1036 2290 ἔλεος
1066 2215 1278 2300 πολύδακρυς
1312 2211 1368 2280 καὶ
1399 2216 1507 2290 πόθος

335 2323 542 2406 φιλοπενύής
564 2319 637 2385 Hel.
656 2319 685 2385 9.

426 2430 463 2492 αί
484 2428 546 2513 γάρ
570 2429 684 2493 ἔνθεοι
707 2427 763 2491 διδ
786 2428 896 2510 λόγιον
919 2426 1047 2517 ἐπφδαί
1066 2425 1138 2492 Hel.
1159 2425 1209 2491 10.

422 2542 461 2619 τή
486 2531 565 2619 δόξη
588 2542 646 2617 τῆς
668 2542 775 2619 ψυχῆς
798 2532 870 2599 Hel.
893 2533 942 2597 10.

422 2638 563 2726 πολέμια
598 2641 731 2726 σώματα
765 2638 848 2725 [καὶ]
881 2638 1040 2725 πολέμιον
1073 2638 1126 2706 ἐπὶ
1158 2642 1328 2725 πολεμίοις
1359 2639 1505 2725 όπλισδή

241 2757 247 2766 “
334 2750 460 2834 κόσμον
483 2753 607 2833 χαλκοῦ
629 2751 685 2813 καί
708 2749 848 2833 σιδήρου
871 2746 943 2811 Hel.
966 2746 1016 2811 16.

423 2864 483 2921 τοῦ
510 2857 675 2940 παρόντος
703 2854 739 2921 ἐν
762 2863 806 2942 τῷ
831 2857 971 2940 παρόντι
993 2855 1104 2944 χρόνφ
1127 2856 1342 2940 φρονήματος
1362 2852 1435 2919 Hel.
1456 2854 1507 2919 17.

423 2963 530 3027 πολλά
560 2958 596 3026 δὲ
624 2967 759 3039 πολλοῖς
786 2965 921 3027 πολλῶν
948 2964 1053 3046 ἔρωτα
1080 2959 1134 3026 καί
1161 2963 1273 3027 πόδον
1302 2961 1505 3046 ἐνεργάζεται

335 3069 536 3156 πραγμάτων
558 3066 613 3134 καὶ
637 3070 797 3154 σωμάτων
821 3066 893 3133 Hei
915 3068 964 3133 18.

422 3179 522 3262 τύχης
558 3175 773 3261 άγρεύμασιν,
813 3175 853 3241 οὐ
885 3176 1018 3258 γνώμης
1048 3175 1267 3259 βουλεύμασι,
1299 3172 1354 3241 καὶ
1386 3177 1508 3260 ἔροκιος

334 3283 503 3367 άνοίγκαις,
527 3283 568 3348 οὐ
591 3281 706 3367 τέχνης
727 3292 951 3367 παρασκευαῖς
973 3279 1045 3344 Hel.
1066 3280 1116 3345 19.

423 3396 488 3455 εὐτε
516 3390 603 3477 λόγῳ
630 3394 806 3452 πεισθεῖσα
834 3393 897 3452 είτε
923 3388 981 3474 βίη
1003 3378 1220 3470 ἁρπασθεῖσα
1234 3391 1300 3452 είτε
1321 3385 1388 3453 ὐπὸ
1411 3392 1508 3464 θείας

334 3496 478 3580 άνάγκης
501 3493 747 3576 άναγκασδεῖσα
770 3492 842 3558 Hel.
862 3491 919 3578 203
943 3493 982 3559 cf.
1006 3491 1027 3555 6
1050 3495 1083 3557 et
1108 3492 1158 3557 12.

424 3602 485 3684 τήν
509 3602 667 3684 μεγίστην
690 3596 839 3683 κακότητ’
867 3594 953 3664 εἶναι
976 3600 1130 3674 κάκιστος
1154 3598 1221 3663 Pal.
1243 3598 1293 3662 13.

423 3709 547 3789 νόμους
569 3728 605 3769 τε
627 3707 808 3790 γραπτούς,
839 3705 989 3788 φύλακας
1011 3713 1072 3769 τοῦ
1095 3706 1238 3788 δικαίου,
1266 3705 1439 3789 γράμματά
1462 3729 1507 3788 τε,

334 3816 464 3897 μνήμης
486 3812 642 3894 ὄργανον,
668 3807 770 3894 μίτρα
793 3833 827 3874 τε
850 3807 906 3874 καί
930 3810 1075 3894 σταθμά,
1103 3815 1321 3894 συναλλαγῶν
1345 3811 1508 3896 εὐπόρους

335 3916 528 4000 διαλλαγάς,
555 3915 702 3999 ἀριθμόν
725 3939 775 4000 τε,
803 3916 979 4000 χρημάτων
1002 3917 1151 3999 φύλακα,
1177 3917 1326 3999 πυρσούς
1348 3939 1399 3994 τε,
1428 3937 1507 3997 κρα-

334 4027 465 4099 τίστους
491 4019 545 4086 καὶ
573 4023 745 4107 ταχίστους
771 4020 948 4106 ἀγγέλους,
980 4022 1124 4098 πεσσούς
1150 4045 1200 4105 τε,
1231 4026 1351 4104 σχολῆς
1376 4021 1506 4085 ἄλυπον

335 4130 509 4214 διατριβήν
531 4127 597 4193 Pal.
617 4129 668 4195 30.

424 4236 536 4302 δεινὸν
560 4237 665 4302 άδεον
689 4236 805 4302 άδικον
828 4237 956 4320 ἄνομον
977 4232 1078 4320 ἔργον
1100 4235 1168 4300 Pal.
1187 4234 1239 4299 36.

424 4345 501 4420 τούς
546 4341 583 4410 δὲ
632 4343 783 4431 πρώτους
829 4355 897 4408 τῶν
941 4345 1082 4429 πρώτων
1128 4341 1290 4426 Ἕλληνας
1338 4339 1507 4425 Ἑλλήνων

334 4450 401 4516 Pal.
420 4451 472 4517 37.
